date,tid,price,amount,type
1507334324,22887166,0.19651,3501.99264800,1
1507334321,22887164,0.19651,1033.44087266,1
1507334321,22887163,0.19651,100.00000000,1
1507334319,22887161,0.19675,89.04482734,1
1507334313,22887159,0.19675,2442.68337200,1
1507334162,22887131,0.19877,7593.40604749,0
1507334160,22887129,0.19720,276.12270000,0
1507334117,22887112,0.19675,560.29119094,1
1507334074,22887073,0.19675,559.77825739,1
1507333998,22887033,0.19675,2345.88000000,1
1507333992,22887025,0.19675,2345.88000000,1
1507333991,22887022,0.19675,357.25200000,1
1507333990,22887018,0.19675,906.35538261,1
1507333987,22887008,0.19675,1125.57362604,1
1507333936,22886968,0.19675,1000.00000000,1
1507333881,22886948,0.19675,1659.37003380,0
1507333860,22886933,0.19675,3148.78480000,1
1507333860,22886932,0.19675,470.05877134,1
1507333860,22886931,0.19675,6721.78639486,1
1507333854,22886918,0.19675,2000.00000000,1
1507333838,22886908,0.19675,1419.05230300,1
1507333838,22886906,0.19676,100.00000000,1
1507333783,22886874,0.19680,135.54595828,1
1507333782,22886873,0.19680,126.00000000,1
1507333782,22886872,0.19700,395.31652172,1
1507333717,22886810,0.19700,724.47584700,1
1507333657,22886761,0.19700,2220.82287300,1
1507333551,22886723,0.19700,3783.48603900,1
1507333528,22886713,0.19700,526.16343461,1
1507333517,22886706,0.19700,2476.61331958,1
1507333517,22886705,0.19700,3123.38668042,1
1507333517,22886704,0.19700,2376.61331958,1
1507333517,22886703,0.19700,5000.00000000,1
1507333517,22886702,0.19700,3588.40000000,1
1507333516,22886701,0.19700,100.00000000,1
1507333516,22886700,0.19700,865.52926042,1
1507333516,22886699,0.19703,3369.45742000,1
1507333512,22886691,0.19700,1634.47073958,1
1507333512,22886690,0.19701,1647.14411000,1
1507333512,22886689,0.19701,100.00000000,1
1507333512,22886688,0.19702,3369.62845000,1
1507333512,22886687,0.19703,276.12270000,1
1507333511,22886686,0.19720,450.00000000,1
1507333511,22886684,0.19726,100.00000000,1
1507333511,22886682,0.19736,0.00000042,1
1507333472,22886669,0.19852,3865.50609510,1
1507333472,22886668,0.19780,3512.64874000,0
1507333470,22886666,0.19746,165.00000000,0
1507333282,22886588,0.19736,99.99999958,1
1507333282,22886587,0.19736,809.59756642,1
1507333253,22886575,0.19736,188.57835575,1
1507333253,22886574,0.19736,1212.35368025,1
1507333237,22886556,0.19736,809.59756600,1
1507333230,22886554,0.19736,1312.35368000,1
1507333203,22886533,0.19736,2269.39895375,1
1507333203,22886532,0.19743,2683.24147200,1
1507333203,22886531,0.19744,94.49815000,1
1507333203,22886530,0.19750,500.00000000,1
1507333203,22886529,0.19750,56.56530425,1
1507333185,22886491,0.19750,143.43469575,1
1507333185,22886490,0.19750,200.00000000,1
1507333185,22886489,0.19750,1300.70504425,1
1507333178,22886484,0.19750,1643.55683000,1
1507333173,22886475,0.19750,826.24559900,1
1507333173,22886474,0.19750,1951.49402300,1
1507333171,22886471,0.19750,2450.35342600,1
1507333170,22886470,0.19750,1602.47649200,1
1507333170,22886469,0.19750,875.97675700,1
1507333170,22886468,0.19750,100.00000000,1
1507333170,22886467,0.19750,1000.00000000,1
1507333170,22886466,0.19750,2500.00000000,1
1507333120,22886424,0.19751,2977.07540000,1
1507333120,22886423,0.19771,202.00000000,1
1507333026,22886227,0.19802,3092.31620000,1
1507332898,22886133,0.19796,6725.76558600,0
1507332832,22886083,0.19799,252.03293096,1
1507332832,22886082,0.19800,686.11918603,1
1507332796,22886036,0.19800,944.86771300,1
1507332787,22886032,0.19802,938.15211700,1
1507332766,22886014,0.19863,223.78167000,0
1507332759,22886008,0.19800,3312.23009604,1
1507332759,22886007,0.19800,1000.00000000,1
1507332759,22886006,0.19801,500.00000000,1
1507332758,22886005,0.19811,376.24619196,1
1507332758,22886004,0.19811,8233.79491000,1
1507332756,22886002,0.19811,912.88066600,1
1507332743,22885988,0.19811,3421.58971800,1
1507332636,22885832,0.19840,292.00000000,1
1507332635,22885831,0.19840,1881.00000000,1
1507332463,22885737,0.19875,164.99991511,0
1507331341,22885142,0.19968,5010.00000000,0
1507331287,22885127,0.19945,61.84000000,1
1507331150,22885106,0.19945,938.16000000,1
1507331015,22885071,0.19886,165.00000000,0
1507330672,22884946,0.19843,7404.34235600,1
1507330672,22884945,0.19843,3129.47900000,1
1507330672,22884944,0.19900,500.00000000,1
1507330670,22884942,0.19938,100.00000000,1
1507330559,22884912,0.19938,5506.09083158,0
1507330538,22884904,0.19924,1000.00000000,1
1507330212,22884820,0.19924,2152.41335365,1
1507329749,22884599,0.19900,254.95753076,0
1507329505,22884524,0.19988,1247.75580348,0
1507329449,22884517,0.19840,500.00000000,0
1507329375,22884490,0.20000,214.48520000,0
1507329346,22884480,0.19833,1000.00000000,1
1507329184,22884391,0.19990,1820.48103000,1
1507329184,22884390,0.19989,3179.51897000,0
1507329111,22884341,0.19990,2245.73576788,0
1507329066,22884322,0.19987,98.60916500,0
1507329019,22884316,0.19996,2494.24884976,0
1507328986,22884308,0.19987,1655.58000000,0
1507328980,22884306,0.19963,1042.81255322,0
1507328979,22884305,0.19961,273.06560000,0
1507328910,22884293,0.19811,2190.53476228,1
1507328910,22884292,0.19825,3164.88100000,0
1507328909,22884291,0.19826,2188.33922835,1
1507328909,22884290,0.19846,251.43605764,1
1507328909,22884289,0.19850,1204.80895173,1
1507328906,22884287,0.19850,232.23156000,1
1507328906,22884285,0.19853,201.00000000,1
1507328906,22884283,0.19900,566.76844000,1
1507328833,22884273,0.19900,433.23156000,1
1507328833,22884272,0.19900,500.00000000,1
1507328833,22884271,0.19920,66.76844000,1
1507328720,22884237,0.19990,6500.77311700,1
1507328703,22884231,0.19990,231.85352000,1
1507328694,22884227,0.19990,3676.15000000,1
1507328685,22884216,0.19990,2000.00000000,1
1507328618,22884152,0.19990,10190.10182700,1
1507328617,22884151,0.19991,4089.86168000,1
1507328570,22884126,0.19990,3139.25000000,1
1507328507,22884087,0.19990,7650.86409454,1
1507328506,22884086,0.19990,2364.01328778,1
1507328506,22884085,0.19991,273.06560000,1
1507328506,22884084,0.19991,4518.70330000,1
1507328506,22884083,0.19996,203.00000000,1
1507328506,22884082,0.20000,764.16503022,1
1507328506,22884081,0.20001,8183.64793000,1
1507328500,22884080,0.20132,8136.98937015,0
1507328500,22884079,0.20020,1527.71359704,0
1507328499,22884078,0.20010,255.00000000,0
1507328138,22883921,0.20055,2135.26351800,1
1507328110,22883913,0.20055,98.14821600,1
1507328084,22883892,0.20150,495.04029777,0
1507328050,22883853,0.19996,4063.36050000,1
1507328048,22883852,0.20046,8159.63950000,1
1507327925,22883831,0.20147,85.67293119,1
1507327925,22883830,0.20147,483.70816773,0
1507327898,22883829,0.20157,5067.02748891,0
1507327825,22883794,0.20075,7511.22499400,1
1507327825,22883793,0.20077,4674.12682000,1
1507327823,22883792,0.20076,6057.49354000,1
1507327819,22883787,0.20068,2802.36668745,0
1507327423,22883689,0.20063,8845.00000000,0
1507327421,22883688,0.19992,155.00000000,0
1507327398,22883668,0.19915,443.97002645,1
1507327398,22883667,0.19968,124.49434000,1
1507327223,22883636,0.19984,100.00000000,0
1507327147,22883608,0.20068,5067.25302000,1
1507327145,22883607,0.20067,2523.30045000,0
1507326983,22883556,0.20000,8328.01350000,0
1507326983,22883555,0.20001,4912.61150000,1
1507326967,22883554,0.20000,4759.86031000,0
1507326965,22883553,0.20000,5428.88969000,0
1507326953,22883547,0.19999,1052.54981000,0
1507326953,22883546,0.19999,1388.27896231,0
1507326887,22883525,0.19999,264.58613545,0
1507326761,22883484,0.19999,49.37901895,0
1507326751,22883481,0.19960,5369.08793478,0
1507326741,22883477,0.19880,7676.04932842,0
1507326741,22883474,0.19880,2323.95067158,0
1507326592,22883441,0.19866,469.80177738,1
1507326590,22883439,0.19917,530.19822262,1
1507326505,22883418,0.19900,26.00000000,0
1507326414,22883364,0.19850,3562.95948827,0
1507326413,22883363,0.19850,2237.82864400,0
1507326356,22883344,0.19850,500.00000000,0
1507326281,22883284,0.19850,6706.70958100,0
1507326280,22883283,0.19850,6300.78813200,0
1507326247,22883278,0.19850,1000.00000000,0
1507326195,22883269,0.19850,4944.38796800,0
1507326193,22883265,0.19850,1125.64931990,0
1507326151,22883247,0.19850,18194.11013000,0
1507326139,22883234,0.19849,179.26954588,0
1507326074,22883222,0.19849,276.38671973,0
1507326015,22883197,0.19800,483.00000000,0
1507325984,22883189,0.19849,768.01247000,0
1507325911,22883174,0.19771,1664.71362480,1
1507325816,22883162,0.19849,430.16459000,1
1507325804,22883155,0.19850,978.14186105,0
1507325803,22883153,0.19849,804.75767000,1
1507325803,22883151,0.19850,5053.18333824,0
1507325801,22883148,0.19850,4077.79354655,0
1507325800,22883144,0.19850,1177.40146095,0
1507325798,22883142,0.19850,1177.31647355,0
1507325797,22883141,0.19849,1234.92226000,0
1507325710,22883098,0.19847,26.38991000,0
1507325710,22883097,0.19846,1604.13863000,0
1507325697,22883086,0.19848,1630.52854000,0
1507325684,22883079,0.19848,1630.52854000,0
1507325665,22883078,0.19849,1507.35010851,0
1507325647,22883071,0.19751,417.15250081,1
1507325647,22883070,0.19751,100.00000000,1
1507325647,22883069,0.19778,174.14585919,1
1507325645,22883068,0.19786,1937.26164000,1
1507325558,22883054,0.19849,506.81581000,0
1507325473,22883033,0.19754,1577.73229211,1
1507325473,22883032,0.19754,1009.92204111,1
1507325472,22883031,0.19770,3829.72029701,1
1507325472,22883030,0.19770,167.52773000,1
1507325472,22883029,0.19776,4131.17764010,1
1507325472,22883028,0.19776,100.00000000,1
1507325471,22883027,0.19786,5441.61439600,0
1507325470,22883026,0.19786,10816.08000000,1
1507325448,22883023,0.19849,1521.00000000,0
1507325427,22883011,0.19800,10786.19010200,0
1507325425,22883010,0.19800,26.00000000,1
1507325363,22883003,0.19783,2320.98700000,1
1507325230,22882988,0.19849,2370.81684700,0
1507325230,22882987,0.19849,2111.95711000,0
1507325223,22882981,0.19780,0.00000010,0
1507325219,22882980,0.19780,2992.07686200,0
1507325196,22882972,0.19780,3032.06123600,0
1507325196,22882971,0.19780,1657.89584300,0
1507325195,22882970,0.19780,184.00000000,0
1507325193,22882969,0.19816,320.15038353,1
1507325193,22882968,0.19818,2580.00000000,1
1507325193,22882967,0.19820,3757.81567537,1
1507325192,22882966,0.19849,2509.07686200,0
1507325192,22882965,0.19834,483.00000000,0
1507324869,22882814,0.19820,268.38081199,1
1507324801,22882756,0.19819,191.34622000,1
1507324755,22882737,0.19849,502.54733236,0
1507324566,22882689,0.19850,500.00000000,0
1507324564,22882688,0.19823,607.95332918,1
1507324495,22882670,0.19935,125.09480813,0
1507324146,22882549,0.19818,1277.73479786,0
1507324130,22882539,0.19818,1278.70000000,0
1507324127,22882536,0.19818,329.85200000,0
1507324116,22882524,0.19818,1277.17000000,0
1507324113,22882520,0.19818,1277.17000000,0
1507324111,22882518,0.19818,1277.17000000,0
1507324110,22882516,0.19818,1277.17000000,0
1507324109,22882512,0.19818,841.79325300,0
1507324109,22882511,0.19818,8142.40100700,0
1507324096,22882504,0.19818,250.00000000,0
1507324085,22882498,0.19818,3452.98830600,0
1507324084,22882484,0.19818,1221.73898500,0
1507324035,22882431,0.19818,857.23790000,0
1507323983,22882421,0.19818,1876.00825339,1
1507323963,22882405,0.19816,1584.13711143,1
1507323932,22882395,0.19928,248.25798730,0
1507323840,22882361,0.19932,7138.43916134,0
1507323838,22882359,0.19869,871.48978990,0
1507323826,22882350,0.19824,184.00000000,0
1507323820,22882327,0.19822,167.68026638,1
1507323820,22882326,0.19824,4722.34834000,1
1507323818,22882318,0.19825,1152.11825439,1
1507323817,22882305,0.19822,158.06335199,1
1507323817,22882297,0.19823,4172.64675600,0
1507323816,22882287,0.19823,1307.93678164,1
1507323782,22882242,0.19810,2534.18230000,0
1507323781,22882240,0.19810,3174.81770000,0
1507323780,22882239,0.19820,250.00000000,1
1507323754,22882229,0.19869,29.02116155,0
1507323721,22882218,0.19869,10801.67609100,0
1507323650,22882208,0.19869,184.00000000,0
1507323649,22882207,0.19808,1000.00000000,1
1507323622,22882202,0.19808,534.06537470,1
1507323616,22882201,0.19808,60.00000000,1
1507323615,22882200,0.19837,291.65377829,0
1507323599,22882192,0.19869,184.00000000,0
1507323593,22882190,0.19869,184.00000000,0
1507323570,22882158,0.19812,1304.49732485,0
1507323569,22882157,0.19812,795.50267515,1
1507323562,22882148,0.19869,1316.78534400,0
1507323523,22882120,0.19825,400.00000000,1
1507323486,22882110,0.19869,184.00000000,0
1507323480,22882101,0.19869,189.00000000,0
1507323476,22882099,0.19869,183.99575500,0
1507323446,22882087,0.19812,100.00000000,1
1507323420,22882068,0.19869,507.06185515,0
1507323387,22882063,0.19869,2327.39340000,0
1507323326,22881985,0.19869,263.50302700,0
1507323321,22881976,0.19868,1303.73622700,1
1507323317,22881973,0.19868,396.26377300,0
1507323310,22881970,0.19868,3509.95389700,0
1507323308,22881969,0.19826,1955.89176116,1
1507323307,22881968,0.19836,5575.45371000,1
1507323307,22881967,0.19857,2468.65452884,1
1507323296,22881958,0.19868,1009.15416751,0
1507323279,22881943,0.19869,1200.00000000,0
1507323274,22881941,0.19869,3938.35582000,0
1507323272,22881940,0.19869,255.92970100,0
1507323272,22881939,0.19869,6839.20401500,0
1507323272,22881938,0.19868,4727.32076000,0
1507323266,22881935,0.19869,1205.12782010,0
1507323263,22881929,0.19869,2309.73013166,0
1507323261,22881926,0.19869,2309.73013166,0
1507323259,22881920,0.19869,13107.95873200,0
1507323256,22881918,0.19869,4519.03722498,1
1507323256,22881917,0.19870,200.00000000,1
1507323212,22881894,0.19869,0.00000007,0
1507323210,22881887,0.19869,5164.89200100,0
1507323207,22881884,0.19869,2168.51129521,1
1507323207,22881883,0.19869,367.49670372,1
1507323112,22881847,0.19869,6363.87403448,0
1507323112,22881844,0.19869,367.00000000,0
1507323092,22881834,0.19869,588.17463846,1
1507323090,22881832,0.19934,737.16369874,1
1507323090,22881831,0.19934,274.65410000,0
1507322953,22881791,0.19929,13778.56246000,0
1507322917,22881777,0.19938,49.23342361,0
1507322915,22881776,0.19900,52.42819442,0
1507322892,22881760,0.19900,4560.55363000,0
1507322891,22881759,0.19900,30.00000000,0
1507322890,22881758,0.19900,5357.01817558,0
1507322890,22881757,0.19877,4642.98182442,0
1507322859,22881689,0.19800,13635.40308034,0
1507322858,22881688,0.19801,274.65410000,1
1507322858,22881687,0.19840,4321.52081108,1
1507322856,22881678,0.19840,138.42000000,1
1507322855,22881677,0.19780,865.00000000,0
1507322855,22881676,0.19780,20744.58178496,0
1507322855,22881675,0.19800,1000.00000000,1
1507322855,22881674,0.19800,1410.94325862,1
1507322854,22881672,0.19801,3333.10000000,1
1507322854,22881671,0.19801,67077.83700000,1
1507322854,22881670,0.19827,596.96038000,1
1507322853,22881668,0.19840,2336.57757642,0
1507322853,22881667,0.19840,100.00000000,0
1507322853,22881666,0.19840,1939.90993600,0
1507322852,22881662,0.19900,1460.09006400,1
1507322850,22881660,0.19827,3400.00000000,0
1507322849,22881659,0.19827,4901.90909000,0
1507322849,22881658,0.19853,1098.09091000,0
1507322847,22881657,0.19800,2589.05674138,1
1507322847,22881656,0.19800,4000.00000000,1
1507322847,22881655,0.19800,252.00000000,1
1507322847,22881654,0.19800,1190.00000000,1
1507322847,22881653,0.19800,67.00000000,1
1507322847,22881651,0.19800,250.00000000,1
1507322847,22881650,0.19800,2000.00000000,1
1507322847,22881649,0.19801,100.00000000,1
1507322847,22881648,0.19826,100.00000000,1
1507322846,22881647,0.19851,100.00000000,1
1507322846,22881646,0.19852,1098.07164000,1
1507322846,22881645,0.19876,100.00000000,1
1507322846,22881644,0.19877,3206.92820823,1
1507322846,22881643,0.19879,3152.67160000,1
1507322846,22881642,0.19885,600.00000000,1
1507322846,22881641,0.19890,146.91000000,1
1507322846,22881640,0.19901,100.00000000,1
1507322846,22881639,0.19920,34.00000000,1
1507322845,22881638,0.19920,47.22646740,1
1507322845,22881637,0.19926,100.00000000,1
1507322845,22881636,0.19928,4011.35897054,1
1507322845,22881635,0.19936,1754.77637245,1
1507322812,22881621,0.19958,184.00000000,0
1507322811,22881620,0.19958,184.00000000,0
1507322807,22881616,0.19936,3572.07853755,1
1507322805,22881615,0.19955,387.21970000,1
1507322805,22881614,0.19955,184.33132215,1
1507322803,22881613,0.19959,184.00000000,0
1507322798,22881611,0.19959,204.00000000,0
1507322796,22881609,0.19959,459.79543063,0
1507322794,22881607,0.19959,184.00000000,0
1507322789,22881603,0.19959,184.00000000,0
1507322782,22881598,0.19959,184.00000000,0
1507322777,22881596,0.19958,244.00000000,0
1507322772,22881594,0.19958,184.00000000,0
1507322769,22881589,0.19958,194.00000000,0
1507322768,22881585,0.19958,387.51563190,0
1507322767,22881583,0.19958,853.76811303,0
1507322764,22881580,0.19955,178.21970000,0
1507322761,22881576,0.19955,184.00000000,0
1507322755,22881575,0.19955,184.00000000,0
1507322753,22881571,0.19955,1453.78030000,0
1507322753,22881570,0.19955,659.00000000,0
1507322749,22881569,0.19955,184.00000000,0
1507322743,22881568,0.19955,184.00000000,0
1507322741,22881567,0.19955,184.00000000,0
1507322740,22881564,0.19955,901.78030000,0
1507322736,22881562,0.19936,220.63204000,1
1507322736,22881560,0.19937,250.00000000,1
1507322734,22881559,0.19949,46.75793000,1
1507322732,22881558,0.19955,184.00000000,0
1507322727,22881555,0.19955,3169.21970000,0
1507322721,22881551,0.19959,184.00000000,0
1507322720,22881550,0.19949,153.24207000,1
1507322718,22881547,0.19950,312.75793000,1
1507322714,22881543,0.19959,184.00000000,0
1507322708,22881540,0.19959,184.00000000,0
1507322704,22881538,0.19959,184.00000000,0
1507322700,22881531,0.19960,2371.24206522,0
1507322700,22881530,0.19950,128.75793478,0
1507322698,22881529,0.19950,184.00000000,0
1507322697,22881528,0.19950,1687.24206522,1
1507322693,22881526,0.19960,184.00000000,0
1507322688,22881525,0.19960,184.00000000,0
1507322686,22881521,0.19950,812.75793478,1
1507322686,22881520,0.19950,1000.00000000,1
1507322686,22881519,0.19950,3161.12320290,1
1507322672,22881513,0.19960,184.00000000,0
1507322667,22881511,0.19960,184.00000000,0
1507322662,22881507,0.19950,1330.00000771,1
1507322662,22881506,0.19951,100.00000000,1
1507322660,22881503,0.19957,450.00000000,1
1507322660,22881499,0.19960,500.00000000,1
1507322656,22881497,0.19960,2000.00000000,1
1507322640,22881490,0.19969,148.34240000,0
1507322636,22881487,0.19969,184.00000000,0
1507322630,22881486,0.19969,184.00000000,0
1507322621,22881484,0.19970,184.00000000,0
1507322612,22881480,0.19970,486.95687300,0
1507322610,22881478,0.19976,26.00000000,1
1507322601,22881477,0.19976,74.00000000,1
1507322591,22881471,0.19990,30.00000000,1
1507322590,22881470,0.19990,1970.00000000,1
1507322590,22881469,0.19990,30.00000000,1
1507322560,22881463,0.19995,837.00465577,1
1507322555,22881462,0.19995,1624.04030950,1
1507322507,22881438,0.20000,5000.00000000,1
1507322507,22881437,0.20000,25.00000000,1
1507322507,22881436,0.20000,200.00000000,1
1507322507,22881435,0.20000,545.00000000,1
1507322507,22881434,0.20000,6000.00000000,1
1507322507,22881433,0.20000,600.00000000,1
1507322507,22881432,0.20000,5395.72134140,1
1507322470,22881423,0.20000,240.35000000,1
1507322425,22881417,0.20000,3000.00000000,1
1507322417,22881414,0.20000,2550.00000000,1
1507322417,22881413,0.20000,36.41842960,1
1507322417,22881412,0.20000,254.00000000,1
1507322417,22881411,0.20000,600.00000000,1
1507322417,22881410,0.20000,748.10000000,1
1507322417,22881409,0.20000,321.48157040,1
1507322412,22881408,0.20000,6984.14521059,1
1507322411,22881407,0.20000,749.06000000,1
1507322411,22881406,0.20000,50.00000000,1
1507322411,22881405,0.20000,4488.74995012,1
1507322411,22881404,0.20000,498.75000000,1
1507322411,22881403,0.20000,200.00000000,1
1507322411,22881402,0.20000,854.65000000,1
1507322411,22881401,0.20000,32.43698049,1
1507322411,22881400,0.20000,200.00000000,1
1507322409,22881399,0.20001,7269.37266078,1
1507322408,22881398,0.20001,9882.07840750,1
1507322408,22881397,0.20008,117.92159250,1
1507322395,22881389,0.20008,132.07840750,1
1507322357,22881384,0.20001,3127.42519378,1
1507322353,22881382,0.20001,4107.65616132,1
1507322353,22881381,0.20001,124.75000000,1
1507322352,22881380,0.20001,150.00000000,1
1507322352,22881379,0.20001,37.00000000,1
1507322352,22881378,0.20005,300.00000000,1
1507322352,22881377,0.20026,150.00000000,1
1507322350,22881375,0.20037,2907.59383868,1
1507322266,22881347,0.20037,2611.93003132,1
1507322230,22881320,0.20051,90.00000000,1
1507322120,22881199,0.20052,45.00000000,0
1507322114,22881195,0.20051,60.00000000,1
1507322029,22881146,0.20052,522.92159250,1
1507321985,22881126,0.20080,7400.00000000,1
1507321954,22881100,0.20081,4988.37850000,1
1507321845,22881041,0.20094,721.79775000,1
1507321832,22881025,0.20179,845.28819445,1
1507321832,22881024,0.20179,1696.15959780,1
1507321832,22881022,0.20178,1983.32365104,1
1507321831,22881018,0.20179,30.00000000,0
1507321831,22881015,0.20178,1911.04673407,1
1507321830,22881013,0.20178,3446.17977000,0
1507321695,22880970,0.20113,4855.65987172,0
1507321693,22880968,0.20084,104.00000000,0
1507321545,22880929,0.20052,1377.07840750,1
1507321545,22880928,0.20060,66.00000000,1
1507321545,22880927,0.20076,150.00000000,1
1507321543,22880926,0.20090,0.00000020,1
1507321512,22880912,0.20187,323.55471342,0
1507321510,22880910,0.20179,131.09956809,0
1507321480,22880882,0.20179,988.65771346,0
1507321423,22880855,0.20186,197.66293471,0
1507321402,22880843,0.20193,495.22111622,0
1507321166,22880783,0.20100,10000.00000000,0
1507321144,22880777,0.20090,500.00000000,1
1507321095,22880761,0.20090,999.99999980,1
1507321093,22880760,0.20100,0.00000020,1
1507321092,22880759,0.20100,2425.12617680,0
1507321091,22880757,0.20100,1171.00000000,1
1507321090,22880756,0.20101,150.00000000,1
1507321090,22880755,0.20108,500.00000000,1
1507321090,22880754,0.20108,754.35019620,1
1507320853,22880680,0.20108,153.00000000,1
1507320831,22880675,0.20108,5000.00000000,1
1507320780,22880652,0.20108,21092.64980380,1
1507320779,22880651,0.20109,497.28977000,1
1507320779,22880650,0.20110,3125.42106305,1
1507320779,22880649,0.20111,4628.48689000,1
1507320779,22880648,0.20111,4131.17764010,1
1507320727,22880611,0.20200,74.07222772,0
1507320571,22880570,0.20110,445.00000000,1
1507320344,22880480,0.20200,98.76297030,0
1507320262,22880448,0.20110,6424.54850000,1
1507320262,22880447,0.20125,219.26049000,1
1507320262,22880445,0.20126,150.00000000,1
1507320262,22880443,0.20138,5491.84128000,1
1507320261,22880442,0.20140,500.00000000,1
1507320244,22880370,0.20139,1127.00000000,1
1507320221,22880361,0.20210,500.00000000,0
1507320107,22880299,0.20226,501.17179600,0
1507320107,22880298,0.20200,1000.00000000,0
1507319996,22880243,0.20226,447.00000000,0
1507319863,22880127,0.20139,564.00000000,1
1507319859,22880124,0.20139,994.72539682,1
1507319859,22880123,0.20150,714.00000000,1
1507319859,22880122,0.20150,200.00000000,1
1507319859,22880121,0.20159,1000.00000000,1
1507319858,22880120,0.20162,2100.00000000,1
1507319858,22880119,0.20167,1230.00000000,1
1507319858,22880118,0.20180,780.00000000,1
1507319856,22880117,0.20182,1697.44721578,1
1507319838,22880105,0.20182,2779.54208343,1
1507319838,22880104,0.20182,727.24246157,1
1507319798,22880073,0.20182,2256.33283520,1
1507319704,22880030,0.20227,986.30543333,0
1507319702,22880029,0.20227,24.65778415,0
1507319683,22880023,0.20182,24000.00000000,1
1507319680,22880020,0.20229,350.10598646,0
1507319673,22880016,0.20182,2720.20796369,1
1507319619,22879982,0.20182,216.22103448,1
1507319418,22879926,0.20183,657.00000000,1
1507319398,22879922,0.20182,7.47182884,1
1507319398,22879921,0.20183,500.00000000,1
1507319396,22879920,0.20184,3.23177932,1
1507319382,22879919,0.20184,205.07833396,1
1507319192,22879833,0.20188,493.85843823,1
1507319113,22879797,0.20240,13255.00000000,0
1507318995,22879735,0.20274,3887.48337831,1
1507318994,22879733,0.20274,1032.56200000,0
1507318921,22879711,0.20184,291.68988672,1
1507318690,22879610,0.20289,1340.69180344,0
1507318688,22879609,0.20280,1000.00000000,0
1507318626,22879581,0.20289,189.45620779,0
1507318624,22879578,0.20250,820.00000000,0
1507318435,22879508,0.20182,153.38000000,1
1507318392,22879500,0.20182,948.99750573,1
1507318362,22879495,0.20182,1000.00000000,1
1507318265,22879445,0.20182,6915.00000000,1
1507318149,22879402,0.20183,1231.64110242,1
1507318149,22879401,0.20183,9086.55939000,1
1507318136,22879396,0.20183,1415.58000000,1
1507318123,22879389,0.20189,500.00000000,1
1507318097,22879384,0.20200,500.00000000,1
1507318097,22879383,0.20200,500.00000000,1
1507318097,22879382,0.20200,1511.66929721,1
1507317988,22879364,0.20200,1388.33070279,1
1507317988,22879363,0.20200,280.00000000,1
1507317988,22879362,0.20250,373.44740771,1
1507317986,22879360,0.20260,0.22188950,1
1507317901,22879330,0.20260,443.74518623,1
1507317693,22879230,0.20289,2458.22859677,0
1507317675,22879223,0.20289,550.64660654,0
1507317575,22879082,0.20250,2126.55259229,1
1507317575,22879079,0.20250,288.20950609,1
1507317144,22878765,0.20289,433.77899000,0
1507316984,22878691,0.20289,1000.00000000,0
1507315954,22878363,0.20289,245.82438760,0
1507315897,22878312,0.20290,3482.36214884,1
1507315845,22878287,0.20290,26.00000000,0
1507315429,22878038,0.20250,750.43414391,0
1507315427,22878037,0.20250,288.20950409,0
1507315418,22878032,0.20250,1620.06516200,0
1507315416,22878031,0.20250,3097.22940300,0
1507315415,22878029,0.20250,3887.33439000,0
1507315411,22878021,0.20250,6248.72739700,0
1507315409,22878019,0.20250,108.00000000,1
1507315282,22877931,0.20250,108.00000000,0
1507315008,22877832,0.20302,982.76593439,0
1507314774,22877718,0.20183,511.00000000,1
1507314722,22877700,0.20182,18591.41631400,1
1507314720,22877699,0.20200,714.00000000,1
1507314558,22877598,0.20202,4432.77851482,1
1507314230,22877463,0.20332,912.82790674,1
1507314228,22877462,0.20264,108.00000000,0
1507314213,22877446,0.20193,3300.10893290,0
1507314213,22877445,0.20200,1000.00000000,1
1507314212,22877444,0.20250,271.85000000,1
1507313958,22877338,0.20300,190.22103448,0
1507313956,22877335,0.20290,26.00000000,0
1507313717,22877153,0.20315,786.21321589,1
1507313633,22877103,0.20315,1257.69136100,1
1507313605,22877094,0.20315,100.00000000,1
1507313597,22877086,0.20340,447.74818431,0
1507313558,22877071,0.20315,319.70000000,1
1507313391,22876975,0.20326,268.01338873,0
1507313391,22876974,0.20322,3078.98661127,0
1507313374,22876943,0.20350,2936.64906058,0
1507313373,22876929,0.20346,700.44762000,0
1507313373,22876914,0.20331,500.00000000,0
1507313373,22876912,0.20322,3502.23808000,0
1507313372,22876911,0.20300,3799.84983397,0
1507313277,22876879,0.20313,50.00000000,0
1507313255,22876869,0.20194,30.00000000,0
1507313135,22876836,0.20317,955.97696510,0
1507313134,22876835,0.20290,26.00000000,0
1507313098,22876832,0.20185,1893.92000000,1
1507312963,22876760,0.20182,13562.95736700,0
1507312963,22876758,0.20197,450.00000000,1
1507312963,22876756,0.20200,229.00000000,1
1507312961,22876751,0.20213,1000.00000000,1
1507312896,22876724,0.20213,6570.97582178,0
1507312895,22876723,0.20208,108.00000000,0
1507312747,22876599,0.20340,6.33697148,0
1507312747,22876598,0.20325,268.61630000,0
1507312746,22876595,0.20324,229.97843176,1
1507312746,22876592,0.20324,476.65430034,0
1507312620,22876456,0.20201,1.34308150,1
1507312620,22876455,0.20201,267.27321850,1
1507312150,22876170,0.20377,3000.00000000,0
1507312029,22876049,0.20307,982.42596149,0
1507312020,22876037,0.20200,56.00000000,1
1507312018,22876036,0.20201,444.00000000,1
1507311934,22875912,0.20367,88.38125860,1
1507311932,22875908,0.20234,403.97061883,0
1507311800,22875748,0.20234,0.00004289,1
1507311799,22875746,0.20234,404.17263023,1
1507311792,22875722,0.20375,1762.46498160,0
1507311791,22875717,0.20373,998.82820400,0
1507311714,22875534,0.20375,688.13604907,0
1507311712,22875530,0.20306,292.00000000,0
1507311601,22875476,0.20235,291.89722000,1
1507311468,22875355,0.20414,977.27657490,1
1507311410,22875260,0.20436,3878.88334311,1
1507311408,22875252,0.20390,26.00000000,0
1507311290,22875079,0.20268,9728.00000000,1
1507311159,22875019,0.20467,749.61567401,0
1507311159,22875018,0.20390,26.00000000,0
1507311157,22875017,0.20388,200.00000000,0
1507311142,22874979,0.20290,11.47406283,0
1507311124,22874956,0.20290,375.52593717,0
1507311007,22874905,0.20290,200.00000000,1
1507310852,22874802,0.20240,205.37034180,0
1507310852,22874801,0.20300,32.57384923,1
1507310850,22874800,0.20380,125.85580897,1
1507310794,22874782,0.20443,50.00000000,0
1507310733,22874764,0.20380,500.00000000,1
1507310688,22874752,0.20380,480.42041479,0
1507310445,22874658,0.20380,0.10277046,1
1507310444,22874654,0.20380,480.42041479,1
1507310288,22874541,0.20380,27.80000000,1
1507310162,22874513,0.20457,1218.99594270,0
1507309994,22874464,0.20380,1432.63793600,1
1507309982,22874457,0.20457,1576.11974832,1
1507309982,22874456,0.20457,1022.84794000,0
1507309880,22874388,0.20497,888.07562082,1
1507309880,22874387,0.20490,26.00000000,0
1507309878,22874385,0.20440,3228.84249556,0
1507309832,22874357,0.20443,771.15750444,1
1507309807,22874352,0.20443,1967.51945100,1
1507309787,22874335,0.20443,2843.66626362,1
1507309787,22874334,0.20440,2038.20039000,0
1507309775,22874331,0.20441,4879.87205097,0
1507309700,22874285,0.20445,2440.09779951,0
1507309695,22874281,0.20447,4879.95697032,0
1507309690,22874233,0.20451,9755.14393236,0
1507309670,22874224,0.20461,487.51585944,1
1507309668,22874223,0.20380,507.38033076,1
1507309668,22874222,0.20389,519.00000000,1
1507309668,22874221,0.20389,4894.79621364,1
1507309667,22874220,0.20389,4694.79621364,1
1507309667,22874219,0.20390,6940.41722196,1
1507309667,22874218,0.20391,9323.23402000,1
1507309658,22874217,0.20391,529.70954400,1
1507309646,22874207,0.20482,974.22881687,0
1507309577,22874187,0.20488,974.18126800,0
1507309557,22874174,0.20489,60.58049304,0
1507309425,22874134,0.20462,975.46671880,1
1507309384,22874120,0.20462,2437.46021894,0
1507309346,22874109,0.20482,591.21293223,0
1507309346,22874108,0.20439,450.00000000,0
1507309345,22874107,0.20438,177.57249838,0
1507309272,22874080,0.20399,1052.57612300,0
1507309271,22874078,0.20395,292.00000000,0
1507309086,22873973,0.20391,1000.00000000,1
1507309064,22873968,0.20391,2446.00000000,1
1507309053,22873962,0.20390,1102.80657900,1
1507309031,22873952,0.20390,1745.88850900,1
1507308974,22873928,0.20391,2215.57145000,1
1507308974,22873927,0.20420,187.47806700,1
1507308951,22873878,0.20420,1230.04386600,1
1507308945,22873865,0.20420,187.47806700,1
1507308912,22873846,0.20420,250.00000000,1
1507308890,22873839,0.20420,3050.00000000,0
1507308789,22873784,0.20390,26.00000000,0
1507308776,22873781,0.20389,200.00000000,0
1507308555,22873685,0.20389,2446.18720879,0
1507308501,22873662,0.20311,403.00000000,0
1507308501,22873661,0.20290,26.00000000,0
1507308321,22873565,0.20190,1.00000000,0
1507308213,22873444,0.20190,25.00000000,0
1507308001,22873301,0.20161,345.58145000,1
1507307942,22873260,0.20252,246.24728421,0
1507307838,22873201,0.20151,2486.96290855,0
1507307695,22873036,0.20151,2103.22204946,0
1507307693,22873033,0.20151,150.00000000,1
1507307680,22873007,0.20284,934.35933168,0
1507307680,22873006,0.20282,1524.49055000,0
1507307662,22872938,0.20240,12150.00000000,0
1507307547,22872640,0.20172,721.32485187,1
1507307546,22872639,0.20176,150.00000000,1
1507307546,22872638,0.20191,2328.67514813,1
1507307442,22872405,0.20191,1485.00000000,1
1507307427,22872397,0.20191,16.61416000,1
1507307425,22872396,0.20200,2871.38584000,0
1507307425,22872395,0.20200,2112.00000000,1
1507307368,22872366,0.20286,2000.00000000,0
1507307285,22872302,0.20286,49.00000000,0
1507307272,22872291,0.20287,2369.92381491,0
1507307237,22872263,0.20282,492.80209052,0
1507307175,22872164,0.20200,1870.00000000,0
1507307111,22872087,0.20285,440.00000000,0
1507307093,22872040,0.20192,2182.42215150,1
1507307083,22872014,0.20239,57.41854835,0
1507307035,22871993,0.20192,995.17548915,1
1507306945,22871932,0.20191,349.80373609,1
1507306945,22871931,0.20197,450.00000000,1
1507306945,22871930,0.20200,12439.34326391,1
1507306928,22871909,0.20200,72.00000000,1
1507306847,22871840,0.20200,3272.30000000,1
1507306827,22871813,0.20200,2370.28765000,1
1507306822,22871809,0.20200,4974.00000000,1
1507306814,22871796,0.20200,1271.29393900,1
1507306809,22871789,0.20200,3216.91948100,1
1507306799,22871781,0.20200,2305.00000000,1
1507306794,22871771,0.20200,89.27912300,1
1507306794,22871770,0.20200,500.00000000,1
1507306794,22871769,0.20201,2686.45505000,1
1507306794,22871768,0.20201,150.00000000,1
1507306794,22871767,0.20214,500.00000000,1
1507306793,22871766,0.20226,150.00000000,1
1507306768,22871719,0.20230,1405.48224800,0
1507306597,22871444,0.20230,1438.68510580,1
1507306569,22871403,0.20230,946.72632400,1
1507306542,22871353,0.20353,80.00000000,0
1507306536,22871345,0.20230,4733.47543600,1
1507306535,22871344,0.20230,3485.44649600,1
1507306535,22871342,0.20232,397.56777000,1
1507306535,22871340,0.20232,1987.84366000,1
1507306535,22871338,0.20290,100.00000000,1
1507306535,22871336,0.20290,6496.51077900,1
1507306534,22871334,0.20290,2739.78552100,1
1507306507,22871296,0.20300,1000.00000000,1
1507306505,22871292,0.20301,9383.18594100,0
1507306493,22871258,0.20301,332.21955000,1
1507306477,22871197,0.20291,1261.70309900,1
1507306463,22871170,0.20377,7342.83751288,0
1507306429,22871147,0.20290,26.00000000,0
1507306407,22871124,0.20299,2057.73683432,0
1507306354,22871106,0.20298,448.09100000,1
1507306317,22871078,0.20298,1082.99787100,1
1507306316,22871076,0.20298,1929.28200000,1
1507306309,22871069,0.20298,1254.00686800,1
1507306297,22871063,0.20298,3335.80579000,0
1507306291,22871061,0.20296,2213.53583500,0
1507306286,22871059,0.20296,1965.91688017,0
1507306279,22871048,0.20298,3201.70481453,0
1507306270,22871042,0.20298,2081.71971500,0
1507306237,22870941,0.20298,866.04847768,1
1507306234,22870908,0.20230,12069.18756900,1
1507306234,22870905,0.20230,396.45177960,1
1507306234,22870902,0.20240,709.16997040,1
1507306234,22870898,0.20240,976.09796500,1
1507306234,22870894,0.20240,3455.16890000,1
1507306233,22870889,0.20240,323.72817460,1
1507306233,22870886,0.20246,1176.27182540,1
1507306233,22870882,0.20246,2857.16513000,1
1507306233,22870880,0.20246,220.67100000,1
1507306190,22870760,0.20230,1536.26372000,1
1507306190,22870759,0.20231,2713.73628000,0
1507306187,22870756,0.20230,800.00000000,1
1507306186,22870755,0.20230,3334.99999995,1
1507306186,22870754,0.20250,200.00000000,1
1507306186,22870752,0.20251,0.00000005,1
1507306180,22870741,0.20251,612.10755995,1
1507306180,22870740,0.20260,440.00000000,1
1507306180,22870739,0.20270,0.00000005,1
1507306180,22870737,0.20270,3058.49005995,1
1507306180,22870735,0.20300,0.00000005,1
1507306179,22870731,0.20300,1612.06510500,1
1507306179,22870729,0.20305,49155.32135000,1
1507306161,22870703,0.20342,2000.00000000,1
1507306161,22870702,0.20342,164.35219781,1
1507306088,22870618,0.20384,2446.78723509,0
1507305944,22870499,0.20342,132.41409219,1
1507305836,22870307,0.20342,5140.00000000,1
1507305833,22870292,0.20344,273.58684000,1
1507305833,22870290,0.20344,1373.99523000,1
1507305833,22870289,0.20439,0.00005105,1
1507305833,22870286,0.20522,1086.34928389,1
1507305833,22870284,0.20522,1530.72628000,1
1507305833,22870283,0.20522,238.13700000,1
1507305832,22870279,0.20522,1266.95271415,1
1507305832,22870275,0.20522,1855.69086835,1
1507305813,22870237,0.20522,1015.70183000,0
1507305808,22870225,0.20439,156.78531240,1
1507305806,22870221,0.20410,853.01322881,0
1507305806,22870220,0.20386,2.92140774,0
1507305805,22870216,0.20386,156.07859226,0
1507305752,22870130,0.20410,146.98677119,1
1507305643,22869931,0.20400,244.00000000,1
1507305641,22869930,0.20420,453.21845518,1
1507305627,22869891,0.20421,4291.72474000,0
1507305627,22869889,0.20420,11546.78154482,1
1507305626,22869888,0.20422,453.21845518,1
1507305626,22869886,0.20422,1546.78154482,1
1507305626,22869885,0.20431,226.25997518,1
1507305561,22869838,0.20431,2820.56079843,1
1507305555,22869805,0.20431,405.18400000,1
1507305552,22869789,0.20431,2820.67783901,1
1507305551,22869779,0.20431,1221.73000000,1
1507305549,22869768,0.20431,1221.76000000,1
1507305504,22869678,0.20426,8376.17800000,1
1507305476,22869661,0.20434,5600.00000000,0
1507305448,22869643,0.20425,1000.00000000,1
1507305447,22869642,0.20430,145.00000000,1
1507305447,22869640,0.20432,146.82850431,1
1507305447,22869639,0.20433,4491.26413155,1
1507305347,22869562,0.20433,874.82670000,0
1507305342,22869558,0.20538,1495.91936897,0
1507305325,22869536,0.20541,3350.04374708,0
1507305230,22869359,0.20422,1990.09299398,1
1507305230,22869358,0.20439,73.20607662,0
1507305228,22869357,0.20439,450.00000000,1
1507305209,22869331,0.20500,2596.69306032,1
1507305208,22869330,0.20500,497.00000000,1
1507305208,22869328,0.20500,200.00000000,1
1507305208,22869327,0.20500,950.00000000,1
1507305208,22869326,0.20550,260.60752068,1
1507305186,22869258,0.20636,457.43952316,1
1507305184,22869256,0.20590,26.00000000,0
1507305108,22869052,0.20647,502.44897564,0
1507305044,22868967,0.20651,1113.46460000,0
1507305044,22868966,0.20616,1647.53540000,0
1507304989,22868938,0.20664,482.72657762,0
1507304980,22868934,0.20664,25.00000000,1
1507304957,22868824,0.20620,4767.83913113,1
1507304957,22868823,0.20620,4933.57686600,1
1507304936,22868794,0.20620,87.62502000,1
1507304932,22868792,0.20620,955.34534500,1
1507304924,22868791,0.20621,1212.11102000,1
1507304898,22868782,0.20620,25.00000000,1
1507304802,22868715,0.20550,60.00000000,1
1507304776,22868707,0.20677,1951.72224000,0
1507304776,22868706,0.20676,2048.27776000,0
1507304666,22868652,0.20567,48.67151219,1
1507304518,22868427,0.20700,125.86888889,0
1507304487,22868390,0.20700,1774.28127714,0
1507304486,22868389,0.20699,2433.59734000,1
1507304486,22868388,0.20698,3083.43418000,0
1507304486,22868387,0.20656,2176.08918681,0
1507304484,22868386,0.20619,172.00000000,0
1507304400,22868302,0.20566,28.00000000,1
1507304353,22868267,0.20600,6878.33090870,0
1507304337,22868251,0.20550,60.00000000,1
1507304309,22868238,0.20598,432.67685736,0
1507304288,22868231,0.20598,121.06830760,0
1507304259,22868217,0.20600,2869.91986800,0
1507304224,22868191,0.20553,1545.45022100,0
1507304224,22868190,0.20553,8454.54977900,0
1507304210,22868183,0.20595,242.14615197,0
1507304206,22868170,0.20598,8271.38867851,0
1507304199,22868166,0.20600,251.74922330,0
1507304018,22868059,0.20550,99.39247932,1
1507304018,22868058,0.20550,381.05249868,1
1507303977,22868047,0.20550,1860.80188002,1
1507303976,22868046,0.20551,989.15501869,1
1507303976,22868045,0.20552,9939.52969929,1
1507303964,22868040,0.20552,861.05249900,1
1507303942,22868032,0.20599,2866.74110393,0
1507303872,22867994,0.20599,3147.57997961,0
1507303793,22867952,0.20552,5476.77489000,1
1507303793,22867951,0.20553,6955.14913000,1
1507303793,22867950,0.20557,1719.00000000,1
1507303686,22867858,0.20567,213.88583246,1
1507303648,22867831,0.20656,2177.17726300,1
1507303648,22867830,0.20656,2822.82273700,1
1507303559,22867793,0.20690,216.95398743,0
1507303545,22867781,0.20693,1168.94602039,0
1507303336,22867693,0.20567,25.73772754,1
1507303285,22867678,0.20615,119.00000000,0
1507303266,22867673,0.20619,25.00000000,0
1507303246,22867666,0.20553,1527.01293000,0
1507303246,22867665,0.20567,5245.00000000,1
1507303244,22867662,0.20569,13227.98707000,1
1507303126,22867612,0.20566,429.18775706,0
1507303126,22867610,0.20600,600.00000000,1
1507303124,22867609,0.20601,450.81224294,1
1507303124,22867608,0.20601,44.69000000,1
1507303090,22867600,0.20601,64.84000000,1
1507303023,22867565,0.20668,1171.84624000,1
1507303023,22867564,0.20668,328.15376000,1
1507302994,22867547,0.20724,96.26577881,0
1507302988,22867545,0.20668,123.40258461,1
1507302987,22867544,0.20668,953.00651239,1
1507302953,22867504,0.20668,500.00000000,1
1507302881,22867428,0.20668,948.02066900,1
1507302881,22867427,0.20676,52.32100000,1
1507302790,22867371,0.20750,537.45779874,0
1507302788,22867370,0.20749,999.26622314,0
1507302785,22867365,0.20750,2730.11719166,0
1507302783,22867361,0.20749,1411.70045000,0
1507302727,22867321,0.20750,215.55000000,0
1507302697,22867290,0.20750,3199.50000000,0
1507302685,22867284,0.20750,150.00000000,0
1507302605,22867219,0.20750,538.38007725,0
1507302605,22867217,0.20750,62.48739265,0
1507302577,22867183,0.20678,56.50516794,1
1507302562,22867162,0.20750,19.51021687,0
1507302561,22867161,0.20750,80.00000000,0
1507302539,22867143,0.20750,119.00000000,0
1507302522,22867135,0.20677,253.16643111,1
1507302521,22867134,0.20735,1746.83356889,1
1507302518,22867132,0.20735,2076.92117200,1
1507302516,22867131,0.20735,5126.60384500,1
1507302505,22867124,0.20735,27.95986000,1
1507302503,22867123,0.20735,426.88958300,1
1507302495,22867116,0.20736,74000.00000000,0
1507302492,22867113,0.20735,33.21964000,1
1507302466,22867099,0.20736,42625.08992488,0
1507302466,22867098,0.20730,1635.00000000,0
1507302466,22867097,0.20728,5436.76629000,0
1507302466,22867096,0.20726,150.00000000,0
1507302465,22867095,0.20705,1200.00000000,0
1507302465,22867094,0.20701,150.00000000,0
1507302465,22867093,0.20700,150.00000000,0
1507302465,22867092,0.20700,360.56612998,0
1507302464,22867090,0.20700,639.43387002,0
1507302464,22867089,0.20690,26.00000000,0
1507302464,22867088,0.20684,450.00000000,0
1507302464,22867087,0.20678,8636.33439642,0
1507302464,22867086,0.20676,150.00000000,0
1507302439,22867076,0.20675,20809.44720292,0
1507302439,22867075,0.20674,1264.28356084,0
1507302439,22867074,0.20670,3808.00696378,0
1507302430,22867067,0.20670,265.44900822,0
1507302418,22867055,0.20668,2248.88871000,0
1507302417,22867052,0.20651,150.00000000,0
1507302413,22867046,0.20650,890.53246089,0
1507302405,22867042,0.20650,724.58077482,0
1507302386,22867032,0.20650,827.68813600,0
1507302379,22867014,0.20650,11064.53200700,0
1507302377,22867013,0.20650,917.76871000,0
1507302377,22867012,0.20650,1000.00000000,0
1507302377,22867011,0.20650,331.12000000,0
1507302360,22866994,0.20633,147.18147476,0
1507302359,22866993,0.20626,150.00000000,0
1507302359,22866992,0.20624,39.20797031,0
1507302357,22866983,0.20580,0.00000371,0
1507302356,22866981,0.20580,350.15042000,0
1507302355,22866979,0.20580,650.20157559,1
1507302353,22866962,0.20624,1065.49291593,0
1507302284,22866921,0.20624,1262.73216100,0
1507302283,22866920,0.20600,950.00000000,0
1507302216,22866843,0.20624,3000.00000000,0
1507302190,22866832,0.20624,96.73196276,0
1507302163,22866826,0.20601,150.00000000,0
1507302149,22866816,0.20600,73.80807797,0
1507302136,22866809,0.20600,159.53381645,0
1507302136,22866808,0.20600,146.03535355,0
1507302123,22866805,0.20600,202.95333524,0
1507302123,22866803,0.20600,102.61583476,0
1507302110,22866798,0.20600,305.56917000,0
1507302106,22866796,0.20600,305.56917000,0
1507302035,22866778,0.20600,286.24582524,0
1507302035,22866777,0.20593,172.00000000,0
1507302034,22866775,0.20590,26.00000000,0
1507301949,22866725,0.20585,2257.16469646,0
1507301946,22866721,0.20585,2663.26224879,0
1507301946,22866720,0.20582,147.55065906,0
1507301939,22866713,0.20580,500.00000000,0
1507301939,22866712,0.20576,150.00000000,0
1507301934,22866705,0.20570,500.00000000,0
1507301931,22866701,0.20557,1500.00000000,0
1507301925,22866693,0.20551,4.96098350,0
1507301925,22866688,0.20551,987.23571650,0
1507301924,22866686,0.20551,987.23571650,0
1507301922,22866680,0.20550,6000.00000000,0
1507301922,22866678,0.20550,8159.38286156,0
1507301920,22866674,0.20550,2209.39210789,0
1507301910,22866668,0.20550,1213.87445255,0
1507301900,22866663,0.20550,1632.83457900,0
1507301838,22866648,0.20500,75.00000000,1
1507301827,22866639,0.20500,100.00000000,1
1507301827,22866638,0.20500,200.00000000,1
1507301686,22866519,0.20500,577.76770424,0
1507301686,22866518,0.20500,561.47287805,0
1507301684,22866517,0.20500,386.00000000,0
1507301577,22866482,0.20500,1052.52712195,0
1507301576,22866481,0.20490,65.00000000,1
1507301575,22866480,0.20490,26.00000000,0
1507301056,22866185,0.20465,3479.98336469,0
1507301056,22866184,0.20464,1015.29780000,0
1507301046,22866148,0.20323,212.33856775,1
1507300978,22866073,0.20464,6621.34425478,0
1507300978,22866072,0.20452,9.02711100,0
1507300978,22866071,0.20450,2150.21541700,1
1507300976,22866070,0.20450,906.73243000,0
1507300976,22866069,0.20450,1039.10050000,0
1507300922,22866038,0.20333,300.03672333,1
1507300838,22866007,0.20435,806.50000000,1
1507300835,22866003,0.20399,311.00000000,0
1507300676,22865805,0.20300,9.02711100,0
1507300663,22865768,0.20300,17.97288900,1
1507300616,22865753,0.20300,232.02711100,1
1507300616,22865752,0.20350,17.97288900,1
1507300611,22865745,0.20407,4692.48787181,0
1507300487,22865698,0.20464,1754.07239161,1
1507300487,22865696,0.20464,919.47050638,1
1507300487,22865695,0.20464,360.70350000,0
1507300487,22865694,0.20464,1803.51748000,0
1507300478,22865688,0.20371,979.33945314,0
1507300472,22865684,0.20372,4847.98213234,0
1507300432,22865632,0.20350,962.02711100,1
1507300343,22865538,0.20435,146.41546366,0
1507300328,22865521,0.20366,1264.28356084,1
1507299999,22865287,0.20488,579.37934401,0
1507299979,22865286,0.20471,316.73049680,0
1507299932,22865258,0.20467,5068.67875116,0
1507299932,22865257,0.20467,779.79669712,0
1507299908,22865241,0.20321,1285.58342660,1
1507299898,22865235,0.20486,97.38416480,0
1507299868,22865162,0.20456,207.15506452,1
1507299868,22865161,0.20393,420.74367000,0
1507299868,22865159,0.20390,26.00000000,0
1507299866,22865157,0.20387,568.48606939,0
1507299841,22865148,0.20387,131.91053000,0
1507299820,22865136,0.20305,773.91703237,1
1507299803,22865121,0.20387,700.74679815,1
1507299736,22865072,0.20387,384.64000000,1
1507299734,22865069,0.20387,2094.61320185,1
1507299734,22865068,0.20397,384.37050815,1
1507299733,22865062,0.20398,32.17261283,1
1507299732,22865058,0.20398,84.31703204,1
1507299732,22865057,0.20398,384.37050815,1
1507299663,22864930,0.20450,84.10000000,1
1507299652,22864927,0.20522,50.00000000,0
1507299606,22864898,0.20545,480.55000000,0
1507299601,22864888,0.20548,2310.43936150,0
1507299600,22864887,0.20488,311.00000000,0
1507299542,22864839,0.20490,139.30014600,1
1507299542,22864838,0.20500,331.12132000,1
1507299419,22864771,0.20551,1456.57846333,0
1507299417,22864769,0.20550,0.00000395,0
1507299416,22864765,0.20550,194.18611605,1
1507299392,22864744,0.20500,23915.90000000,1
1507299376,22864739,0.20490,26.00000000,0
1507299263,22864665,0.20545,971.04521781,0
1507299260,22864663,0.20397,100.00000000,1
1507299076,22864468,0.20415,2420.62152000,1
1507299075,22864467,0.20471,1824.50058000,1
1507298991,22864406,0.20490,2377.00000000,1
1507298963,22864393,0.20551,189.28519293,0
1507298959,22864390,0.20552,11669.62144803,0
1507298959,22864388,0.20551,150.00000000,0
1507298958,22864387,0.20551,4000.00000000,0
1507298958,22864386,0.20550,920.00000000,0
1507298958,22864385,0.20550,739.00000000,0
1507298958,22864384,0.20536,1497.72165000,0
1507298956,22864383,0.20500,26.77574524,0
1507298921,22864333,0.20500,788.06493769,0
1507298921,22864332,0.20499,317.03273331,0
1507298920,22864330,0.20499,682.96726669,1
1507298919,22864328,0.20499,290.25698815,0
1507298913,22864324,0.20500,185.15931707,0
1507298913,22864322,0.20500,199.00000000,0
1507298913,22864321,0.20500,102.32848781,0
1507298882,22864276,0.20500,22.67151219,0
1507298881,22864275,0.20490,26.00000000,0
1507298870,22864270,0.20471,1707.49942000,0
1507298822,22864251,0.20471,1146.25029000,0
1507298809,22864245,0.20471,1146.25029000,0
1507298806,22864244,0.20450,3571.42857000,1
1507298785,22864236,0.20450,500.00000000,0
1507298698,22864216,0.20378,6735.98553000,1
1507298648,22864202,0.20365,1000.00000000,1
1507298615,22864185,0.20442,662.43982976,0
1507298615,22864184,0.20439,450.00000000,0
1507298615,22864183,0.20415,311.00000000,1
1507298615,22864182,0.20415,39.48509073,1
1507298613,22864180,0.20390,1.51490927,0
1507298594,22864175,0.20375,2257.70000000,1
1507298592,22864174,0.20390,24.48509073,0
1507298562,22864142,0.20355,4037.56000000,1
1507298541,22864128,0.20376,174.73461000,0
1507298318,22863910,0.20376,101.00000000,0
1507298317,22863909,0.20309,2000.00000000,1
1507298243,22863876,0.20272,2277.95000000,1
1507298243,22863875,0.20275,222.05000000,1
1507298209,22863855,0.20376,194.05742049,0
1507298208,22863854,0.20376,1160.09906767,0
1507298208,22863853,0.20376,1039.29094755,0
1507298094,22863809,0.20371,1935.14211378,0
1507298092,22863807,0.20316,1005.59133294,0
1507298054,22863804,0.20316,1476.00000000,0
1507298015,22863785,0.20316,2830.62866706,0
1507298015,22863784,0.20310,720.98873601,0
1507298013,22863783,0.20300,774.87518418,0
1507297988,22863775,0.20300,4974.00000000,0
1507297983,22863766,0.20300,251.31753694,0
1507297982,22863764,0.20290,26.00000000,0
1507297938,22863728,0.20300,4917.29130508,0
1507297936,22863726,0.20300,976.27597380,0
1507297936,22863725,0.20300,302.21975370,0
1507297936,22863724,0.20300,178.78024630,0
1507297936,22863723,0.20290,26.00000000,0
1507297840,22863673,0.20250,919.26720407,1
1507297751,22863610,0.20250,12843.90779101,0
1507297748,22863609,0.20250,4000.00000000,0
1507297729,22863605,0.20250,1682.89524500,0
1507297707,22863597,0.20250,3361.90788000,0
1507297706,22863596,0.20250,461.36057900,0
1507297635,22863570,0.20250,2509.07069921,0
1507297630,22863563,0.20250,277.62118000,0
1507297628,22863562,0.20250,4932.04207000,0
1507297619,22863539,0.20192,1850.19812790,1
1507297507,22863490,0.20191,9429.54838137,0
1507297506,22863489,0.20191,570.45161863,1
1507297502,22863449,0.20249,3694.90378000,0
1507297495,22863434,0.20191,4429.54838137,1
1507297427,22863322,0.20191,2681.89604050,1
1507297409,22863302,0.20270,4121.45672000,0
1507297409,22863301,0.20268,1878.54328000,0
1507297236,22863158,0.20310,721.34923682,1
1507297234,22863157,0.20255,508.00000000,0
1507297201,22863135,0.20192,483.32391000,1
1507297137,22863091,0.20314,2455.20330806,1
1507297074,22863054,0.20314,656.93158501,0
1507297074,22863053,0.20303,243.68575000,0
1507297074,22863052,0.20290,26.00000000,0
1507297072,22863051,0.20232,4000.00000000,0
1507296942,22862937,0.20185,1444.04732777,0
1507296942,22862936,0.20200,50.00000000,1
1507296942,22862935,0.20200,436.01077000,1
1507296941,22862934,0.20201,30.25167303,1
1507296796,22862806,0.20201,58.58377870,1
1507296794,22862804,0.20201,2019.00000000,1
1507296786,22862786,0.20201,50.00000000,1
1507296698,22862665,0.20210,2500.00000000,1
1507296648,22862626,0.20315,491.01954221,0
1507296630,22862612,0.20204,300.00000000,0
1507296519,22862536,0.20201,50.00000000,1
1507296489,22862518,0.20308,3972.21539932,0
1507296489,22862517,0.20308,954.40834501,0
1507296489,22862516,0.20308,980.96006499,0
1507296487,22862515,0.20290,26.00000000,0
1507296476,22862509,0.20274,368.99477162,0
1507296465,22862506,0.20220,2500.00000000,1
1507296458,22862502,0.20201,2000.00000000,0
1507296430,22862470,0.20158,2695.64660000,1
1507296430,22862469,0.20200,1000.00000000,1
1507296430,22862468,0.20200,13214.03670000,1
1507296428,22862467,0.20210,76.50000000,1
1507296380,22862444,0.20210,423.50000000,1
1507296359,22862434,0.20200,1309.96330000,1
1507296326,22862420,0.20159,6508.61052729,0
1507296326,22862419,0.20160,266.55555555,1
1507296252,22862320,0.20212,508.00000000,1
1507296243,22862317,0.20288,60.00202090,0
1507296205,22862302,0.20285,98.34853339,0
1507296160,22862275,0.20267,4615.65194217,0
1507296160,22862274,0.20264,500.00000000,0
1507296159,22862273,0.20259,10000.00000000,0
1507296159,22862271,0.20259,2281.96388000,0
1507296159,22862269,0.20257,12610.06404000,0
1507296043,22862222,0.20264,984.36492821,0
1507296013,22862206,0.20212,24.67608351,0
1507295912,22862098,0.20296,24.53685455,0
1507295850,22862062,0.20307,971.48264145,0
1507295849,22862061,0.20290,26.00000000,0
1507295822,22862039,0.20170,1091.30933015,0
1507295821,22862037,0.20170,2628.61862316,0
1507295821,22862036,0.20151,50.62792184,0
1507295821,22862034,0.20151,1799.37207816,0
1507295818,22862029,0.20140,700.00000000,1
1507295816,22862026,0.20150,800.00000000,1
1507295811,22862023,0.20151,150.00000000,1
1507295811,22862022,0.20170,1582.55820526,0
1507295755,22862000,0.20170,2155.50000000,0
1507295753,22861998,0.20170,28306.64874000,1
1507295753,22861997,0.20172,4322.23861000,1
1507295753,22861996,0.20173,13318.60854000,1
1507295400,22861622,0.20204,30.00000000,1
1507295362,22861597,0.20302,1031.77026893,0
1507295350,22861589,0.20305,1122.98148877,0
1507295234,22861513,0.20312,581.41921558,0
1507295220,22861508,0.20301,2000.00000000,0
1507295180,22861486,0.20290,2328.06012819,0
1507295107,22861435,0.20293,4920.42694525,0
1507295099,22861428,0.20200,137.15856697,0
1507295022,22861345,0.20170,274.00000000,1
1507294976,22861312,0.20170,5008.00000000,1
1507294961,22861297,0.20196,508.00000000,0
1507294936,22861271,0.20170,331.00000000,1
1507294917,22861201,0.20171,5895.28146200,1
1507294917,22861199,0.20176,3200.00000000,1
1507294917,22861195,0.20177,306.71769700,1
1507294913,22861176,0.20176,150.00000000,1
1507294913,22861175,0.20176,1857.50000000,1
1507294912,22861174,0.20178,6222.63419000,1
1507294911,22861164,0.20197,450.00000000,1
1507294911,22861162,0.20197,1331.95059000,1
1507294911,22861159,0.20200,515.00000000,1
1507294911,22861158,0.20200,125.72957300,1
1507294911,22861156,0.20200,100.00000000,1
1507294910,22861155,0.20201,150.00000000,1
1507294910,22861154,0.20210,6009.43500000,1
1507294910,22861153,0.20210,525.00000000,1
1507294891,22861107,0.20220,10011.99589400,1
1507294891,22861106,0.20226,150.00000000,1
1507294890,22861104,0.20230,500.00000000,1
1507294890,22861102,0.20240,5464.16501000,1
1507294872,22861052,0.20241,258.48722599,1
1507294860,22861010,0.20241,3590.00000000,0
1507294857,22861001,0.20241,816.73888098,1
1507294857,22860999,0.20250,200.00000000,1
1507294856,22860998,0.20251,150.00000000,1
1507294856,22860996,0.20276,150.00000000,1
1507294856,22860995,0.20279,436.26111902,1
1507294854,22860992,0.20279,601.75061393,1
1507294854,22860991,0.20300,150.00000000,1
1507294853,22860989,0.20301,150.00000000,1
1507294853,22860988,0.20310,48.00000000,1
1507294853,22860987,0.20316,0.24987507,1
1507294804,22860879,0.20316,499.75012493,1
1507294761,22860819,0.20318,1271.00840300,1
1507294759,22860799,0.20376,1266.51624361,1
1507294758,22860797,0.20376,1959.15106008,1
1507294756,22860788,0.20376,469.76511744,1
1507294755,22860787,0.20376,1688.37347861,1
1507294753,22860783,0.20376,1095.74821592,1
1507294752,22860782,0.20376,2156.78028075,1
1507294627,22860714,0.20376,244.77478406,0
1507294581,22860693,0.20360,4000.00000000,0
1507294558,22860674,0.20370,3420.23202513,0
1507294558,22860673,0.20370,105.49207945,0
1507294555,22860671,0.20370,56.50516794,0
1507294522,22860653,0.20316,2272.75356200,1
1507294506,22860630,0.20321,1000.00000000,1
1507294435,22860574,0.20431,201.58428750,1
1507294435,22860573,0.20390,8035.83956200,1
1507294434,22860572,0.20390,1520.37875200,1
1507294433,22860571,0.20390,26.00000000,0
1507294371,22860552,0.20390,4892.05497263,0
1507294046,22860332,0.20412,488.63828745,0
1507293931,22860270,0.20322,5789.90708697,1
1507293931,22860269,0.20332,147.55065906,1
1507293930,22860266,0.20350,1470.51597051,1
1507293930,22860264,0.20350,2500.00000000,1
1507293930,22860262,0.20355,92.02628346,1
1507293926,22860259,0.20355,1916.97371654,1
1507293783,22860165,0.20569,350.87631873,0
1507293783,22860163,0.20490,26.00000000,0
1507293783,22860162,0.20486,728.39712000,1
1507293783,22860160,0.20450,14005.67911330,0
1507293782,22860159,0.20444,3641.98560000,0
1507293782,22860158,0.20424,3324.67544176,0
1507293782,22860157,0.20423,2287.86420732,1
1507293780,22860156,0.20390,26.00000000,0
1507293693,22860110,0.20350,1500.00000000,1
1507293691,22860109,0.20372,1583.75413577,0
1507293691,22860108,0.20361,401.00000000,0
1507293682,22860104,0.20372,3882.02386423,1
1507293682,22860103,0.20374,750.00000000,1
1507293681,22860098,0.20378,95.35926898,1
1507293679,22860090,0.20378,2287.86423809,1
1507293678,22860084,0.20378,421.48999000,1
1507293677,22860076,0.20378,2242.88345274,1
1507293677,22860071,0.20378,84.46659346,1
1507293676,22860065,0.20378,1967.93645673,1
1507293622,22860003,0.20390,26.00000000,0
1507293600,22859993,0.20403,5831.45091000,1
1507293600,22859992,0.20404,13107.78609000,1
1507293599,22859991,0.20490,2604.47972551,1
1507293597,22859990,0.20490,26659.33600000,1
1507293529,22859965,0.20491,40.00000000,1
1507293466,22859931,0.20567,29215.41149335,0
1507293466,22859930,0.20567,3169.01771700,1
1507293466,22859929,0.20567,2093.26526700,1
1507293466,22859928,0.20567,3358.51002500,1
1507293465,22859926,0.20565,3230.10598000,0
1507293465,22859925,0.20565,23664.59500000,1
1507293465,22859924,0.20565,7301.57100000,1
1507293465,22859923,0.20550,1372.00000000,1
1507293464,22859922,0.20550,12537.81785600,1
1507293464,22859921,0.20550,1041.21744500,1
1507293463,22859920,0.20550,500.00000000,0
1507293441,22859915,0.20545,5908.36699926,1
1507293441,22859914,0.20540,240.00000000,0
1507293441,22859913,0.20510,6000.00000000,0
1507293439,22859911,0.20490,2000.00000000,1
1507293438,22859910,0.20509,806.50219860,0
1507293438,22859909,0.20509,1678.87339260,0
1507293391,22859892,0.20490,1180.00000000,1
1507293360,22859871,0.20490,3085.32937900,1
1507293342,22859842,0.20490,3242.22481000,1
1507293342,22859841,0.20490,3082.66220000,1
1507293311,22859828,0.20490,113.68650000,1
1507293271,22859770,0.20490,21857.25986100,1
1507293258,22859768,0.20490,113.68650000,1
1507293245,22859760,0.20490,2111.82558600,1
1507293243,22859759,0.20490,26.00000000,0
1507293243,22859757,0.20489,3413.94514130,0
1507293243,22859756,0.20488,3532.99031000,0
1507293226,22859740,0.20482,487.01298701,0
1507293122,22859695,0.20473,2517.27441019,1
1507293119,22859693,0.20390,26.00000000,0
1507293083,22859673,0.20375,78.08663850,0
1507293083,22859672,0.20375,2500.00000000,1
1507293002,22859598,0.20390,26.00000000,0
1507292985,22859590,0.20484,9739.30872876,0
1507292929,22859571,0.20372,1020.92000000,1
1507292928,22859570,0.20373,1308.08000000,1
1507292865,22859548,0.20373,1191.92000000,1
1507292788,22859517,0.20371,30.00000000,1
1507292726,22859496,0.20489,146.05485870,0
1507292553,22859403,0.20393,401.00000000,0
1507292522,22859376,0.20322,3061.73683739,1
1507292522,22859375,0.20346,655.53509301,1
1507292522,22859374,0.20347,9782.72806960,1
1507292503,22859364,0.20347,415.65093040,1
1507292503,22859363,0.20349,471.56727485,1
1507292501,22859361,0.20380,180.00000000,1
1507292497,22859359,0.20380,60.00000000,1
1507292151,22859252,0.20476,448.18602266,0
1507292143,22859244,0.20333,58.00000000,1
1507292128,22859234,0.20330,1974.00000000,1
1507292107,22859223,0.20322,974.54080907,1
1507292107,22859222,0.20323,269.99995835,1
1507292105,22859220,0.20396,0.00000153,1
1507292013,22859176,0.20489,217.94078944,0
1507291906,22859151,0.20396,2894.79100847,0
1507291904,22859150,0.20323,100.00000000,1
1507291898,22859149,0.20323,8995.46746622,1
1507291893,22859143,0.20396,270.00000000,0
1507291885,22859141,0.20318,1678.87339286,0
1507291884,22859140,0.20326,150.00000000,1
1507291884,22859139,0.20333,12379.11051024,1
1507291884,22859132,0.20340,1350.00000000,1
1507291884,22859117,0.20342,2229.36390000,1
1507291884,22859111,0.20342,5436.76629000,1
1507291883,22859098,0.20350,11140.17185906,1
1507291883,22859093,0.20350,1671.69533169,1
1507291883,22859087,0.20350,1000.00000000,1
1507291883,22859070,0.20372,7442.52104915,1
1507291881,22859064,0.20373,6134.04256000,1
1507291880,22859062,0.20396,270.00000000,0
1507291867,22859061,0.20373,1085.12365920,1
1507291867,22859058,0.20396,270.00000000,0
1507291853,22859052,0.20396,270.00000000,0
1507291840,22859042,0.20397,2197.00000000,1
1507291840,22859041,0.20400,167.24233121,1
1507291832,22859035,0.20400,6877.62834879,0
1507291818,22859003,0.20400,3057.28928900,0
1507291818,22859002,0.20400,3970.34485100,0
1507291817,22859000,0.20400,1062.08956636,0
1507291816,22858998,0.20400,1000.00000000,0
1507291802,22858992,0.20400,1234.43927900,0
1507291801,22858991,0.20400,1416.92822000,0
1507291801,22858990,0.20400,7066.92071000,0
1507291800,22858989,0.20400,5000.00000000,1
1507291800,22858988,0.20400,15542.97260970,1
1507291800,22858987,0.20410,1517.00000000,1
1507291800,22858986,0.20438,4131.17764010,1
1507291800,22858985,0.20439,9489.81083000,1
1507291800,22858984,0.20456,4876.31990614,1
1507291645,22858940,0.20456,3979.54731825,1
1507291644,22858939,0.20478,679.12207223,1
1507291644,22858938,0.20488,2000.00000000,1
1507291644,22858937,0.20498,81.99760952,1
1507291594,22858923,0.20500,4614.16335254,0
1507291547,22858907,0.20500,385.83664746,1
1507291518,22858902,0.20500,300.00000000,1
1507291349,22858846,0.20538,108.12232300,0
1507291349,22858845,0.20519,109.68384400,0
1507291349,22858844,0.20519,118.01679500,0
1507291253,22858827,0.20538,2866.84433732,0
1507291253,22858826,0.20537,2464.42965000,0
1507291253,22858825,0.20536,9772.33300000,0
1507291252,22858824,0.20519,401.00000000,0
1507291167,22858785,0.20500,195.00000000,1
1507291038,22858745,0.20538,58.00000000,0
1507291036,22858744,0.20537,242.00000000,0
1507291026,22858743,0.20500,40.00000000,1
1507291019,22858742,0.20500,29.16335254,1
1507291019,22858741,0.20500,2720.83664746,1
1507290996,22858738,0.20501,40.00000000,1
1507290946,22858720,0.20500,2567.25000000,1
1507290726,22858626,0.20545,47.00000000,0
1507290600,22858574,0.20549,101.93989975,0
1507290592,22858570,0.20500,530.19754457,1
1507290576,22858565,0.20500,358.09730000,1
1507290574,22858564,0.20501,1003.86550000,1
1507290521,22858549,0.20502,3232.11467033,0
1507290520,22858548,0.20504,71.27797967,1
1507290440,22858463,0.20504,2614.46034800,1
1507290433,22858461,0.20583,3640.82025000,0
1507290391,22858443,0.20505,6626.16950000,1
1507290390,22858442,0.20504,50.00000000,1
1507290350,22858426,0.20507,167.25527674,1
1507290350,22858425,0.20600,0.26544626,1
1507290333,22858414,0.20600,530.84390640,1
1507290298,22858364,0.20600,699.35120700,1
1507290296,22858362,0.20600,7734.52664034,0
1507290296,22858361,0.20599,1035.01280000,0
1507290258,22858341,0.20600,3291.47335966,0
1507290258,22858339,0.20600,456.89000000,0
1507290258,22858337,0.20590,26.00000000,0
1507290258,22858336,0.20589,818.37995000,0
1507290256,22858334,0.20587,250.00000000,0
1507290255,22858331,0.20507,600.00000000,1
1507290241,22858325,0.20504,947.26167233,1
1507290225,22858324,0.20500,950.00000000,0
1507290225,22858323,0.20490,207.00000000,0
1507289838,22858154,0.20503,202.64160000,1
1507289812,22858134,0.20581,4696.76869104,0
1507289812,22858133,0.20572,3167.43834000,0
1507289812,22858132,0.20570,13393.32330000,0
1507289730,22858098,0.20578,335.00000000,0
1507289632,22858020,0.20577,969.52908587,0
1507289618,22858013,0.20488,5875.68503980,1
1507289553,22857986,0.20581,2500.00000000,0
1507289541,22857982,0.20488,2852.60530100,1
1507289541,22857981,0.20489,2336.33114000,1
1507289541,22857980,0.20490,374.00000000,1
1507289541,22857979,0.20500,26.00000000,1
1507289532,22857975,0.20594,3897.38098475,0
1507289530,22857974,0.20590,26.00000000,0
1507289309,22857857,0.20589,0.00004856,1
1507289309,22857856,0.20589,1099.99995144,1
1507289203,22857802,0.20587,726.79812503,0
1507289163,22857749,0.20500,1000.00000000,0
1507289163,22857748,0.20500,10000.00000000,0
1507289155,22857743,0.20490,26.00000000,0
1507289142,22857738,0.20489,2485.22917400,1
1507289138,22857737,0.20489,28.75822390,1
1507289055,22857702,0.20489,2190.82336864,0
1507288988,22857676,0.20488,97.37465834,0
1507288932,22857629,0.20489,139.63829371,0
1507288930,22857628,0.20476,250.00000000,0
1507288876,22857587,0.20400,2787.54937371,1
1507288824,22857571,0.20454,6656.98884756,0
1507288822,22857570,0.20453,3096.70709000,0
1507288804,22857565,0.20427,207.00000000,0
1507288803,22857564,0.20400,5033.36000000,1
1507288675,22857538,0.20460,3169.00806452,0
1507288615,22857525,0.20431,4198.79281484,0
1507288606,22857522,0.20400,925.91752659,1
1507288455,22857458,0.20372,2193.20247400,1
1507288453,22857457,0.20373,13387.50521000,1
1507288440,22857452,0.20459,975.12097365,0
1507288401,22857440,0.20451,1036.49180300,1
1507288399,22857438,0.20451,13352.25882000,0
1507288376,22857433,0.20456,482.03461087,0
1507288360,22857424,0.20372,158.11115189,1
1507288360,22857423,0.20373,6376.95899000,1
1507288360,22857422,0.20373,497.03038335,1
1507288360,22857421,0.20383,147.18147476,1
1507288291,22857381,0.20481,730.53073580,0
1507288277,22857375,0.20482,744.80299775,0
1507288246,22857364,0.20384,25.00000000,1
1507288218,22857307,0.20439,246.14762000,1
1507288216,22857305,0.20440,1006.48210000,1
1507288203,22857296,0.20440,1000.00000000,1
1507288116,22857237,0.20373,1842.82479410,1
1507288114,22857235,0.20439,220.92624000,1
1507288089,22857220,0.20394,220.92624000,0
1507288088,22857219,0.20439,488.28416000,1
1507288087,22857218,0.20480,739.00000000,1
1507288084,22857217,0.20490,235.13909224,1
1507288084,22857216,0.20520,146.19883041,1
1507288084,22857215,0.20550,200.00000000,1
1507288044,22857194,0.20598,246.04694630,0
1507287997,22857163,0.20550,8807.51071245,1
1507287997,22857162,0.20552,0.48475763,1
1507287993,22857159,0.20552,969.51524237,1
1507287984,22857154,0.20617,1935.30819227,0
1507287909,22857124,0.20634,4834.25414364,0
1507287898,22857114,0.20640,483.28788760,0
1507287888,22857111,0.20643,327.00000000,0
1507287847,22857093,0.20490,694.98052194,0
1507287843,22857089,0.20510,972.69624573,1
1507287794,22857076,0.20559,4193.00000000,1
1507287773,22857072,0.20689,268.38081199,0
1507287745,22857063,0.20730,508.88835748,0
1507287745,22857062,0.20730,723.28948000,0
1507287743,22857061,0.20730,288.25822000,0
1507287743,22857060,0.20690,26.00000000,0
1507287735,22857053,0.20728,2758.26712890,1
1507287735,22857052,0.20727,4131.17764036,1
1507287733,22857050,0.20700,329.60000000,0
1507287719,22857028,0.20604,29.00000000,1
1507287718,22857027,0.20604,134.30788054,1
1507287718,22857026,0.20604,1081.92510000,1
1507287718,22857024,0.20604,1081.92510000,1
1507287718,22857023,0.20604,1081.92510000,1
1507287718,22857022,0.20604,111.16681946,1
1507287717,22857021,0.20333,970.75828054,0
1507287717,22857020,0.20333,1081.92510000,0
1507287717,22857019,0.20333,1081.92510000,0
1507287716,22857016,0.20503,573.71306784,0
1507287716,22857014,0.20508,573.74104480,0
1507287716,22857013,0.20508,1081.92510000,0
1507287716,22857012,0.20508,436.01230682,0
1507287715,22857011,0.20507,645.91279318,0
1507287715,22857010,0.20507,1081.92510000,0
1507287715,22857009,0.20507,1081.92510000,0
1507287715,22857008,0.20507,390.23700682,0
1507287715,22857007,0.20333,30.00000000,0
1507287715,22857006,0.20333,30.00000000,0
1507287715,22857005,0.20333,631.68809318,0
1507287715,22857004,0.20333,1081.92510000,0
1507287715,22857003,0.20333,1081.92510000,0
1507287715,22857002,0.20333,1081.92510000,0
1507287714,22856997,0.20334,37727.00000000,1
1507287713,22856996,0.20400,489.21764000,1
1507287713,22856995,0.20400,4675.97456173,1
1507287713,22856994,0.20400,1081.92510000,0
1507287713,22856993,0.20400,1081.92510000,0
1507287713,22856992,0.20400,1081.92510000,0
1507287713,22856991,0.20439,450.00000000,1
1507287713,22856990,0.20439,450.76468566,1
1507287712,22856989,0.20440,5000.00000000,0
1507287712,22856988,0.20500,329.60000000,1
1507287712,22856987,0.20500,200.00000000,1
1507287712,22856985,0.20502,3054.48760000,1
1507287712,22856984,0.20502,1000.00000000,1
1507287711,22856982,0.20502,1081.97760000,0
1507287711,22856981,0.20502,1081.92510000,0
1507287711,22856980,0.20503,1340.15620000,0
1507287711,22856979,0.20503,6717.64267000,1
1507287711,22856977,0.20503,2500.00000000,0
1507287711,22856976,0.20503,1081.97760000,0
1507287710,22856975,0.20516,6471.22709080,0
1507287710,22856974,0.20572,4131.17764010,0
1507287710,22856973,0.20591,2160.00000000,1
1507287708,22856971,0.20600,480.00000000,1
1507287708,22856970,0.20600,953.63291853,1
1507287706,22856969,0.20600,883.83929000,1
1507287706,22856968,0.20600,909.05709000,1
1507287706,22856967,0.20602,1474.10362000,1
1507287705,22856966,0.20695,254.24918700,1
1507287704,22856964,0.20695,1742.25480000,1
1507287704,22856963,0.20695,3003.49601300,1
1507287704,22856962,0.20700,220.00000000,1
1507287704,22856961,0.20700,20361.73500000,1
1507287704,22856960,0.20701,7352.23816000,1
1507287703,22856959,0.20702,13277.74019000,1
1507287703,22856957,0.20702,975.00000000,1
1507287700,22856955,0.20782,1679.94986046,0
1507287665,22856946,0.20785,2723.99257000,0
1507287665,22856945,0.20784,2276.00743000,0
1507287665,22856944,0.20775,10000.00000000,0
1507287657,22856942,0.20778,129.62104149,0
1507287630,22856926,0.20704,1932.00000000,1
1507287604,22856853,0.20790,1699.75103415,0
1507287604,22856849,0.20780,100.00000000,0
1507287602,22856840,0.20746,264.00000000,0
1507287593,22856827,0.20702,25.00000000,1
1507287572,22856807,0.20730,1100.41785000,0
1507287533,22856797,0.20705,269.53301366,1
1507287524,22856795,0.20730,4800.00000000,1
1507287489,22856788,0.20780,848.79890567,0
1507287489,22856787,0.20780,706.50431858,0
1507287487,22856786,0.20780,24.00158807,0
1507287432,22856774,0.20780,269.49409335,0
1507287404,22856761,0.20789,522.88814656,0
1507287338,22856719,0.20781,480.00875800,0
1507287327,22856716,0.20702,719.33190000,1
1507287295,22856696,0.20702,118.38330000,1
1507287251,22856681,0.20784,287.96367398,0
1507287169,22856654,0.20785,1222.69545345,0
1507287148,22856644,0.20784,479.93648960,0
1507286973,22856558,0.20790,250.88841669,0
1507286972,22856557,0.20790,383.79185146,0
1507286971,22856556,0.20789,132.90826000,0
1507286946,22856550,0.20790,3844.46433068,0
1507286944,22856548,0.20789,157.91081000,0
1507286885,22856505,0.20790,1269.38239538,0
1507286885,22856504,0.20790,26.00000000,0
1507286833,22856483,0.20775,679.59323200,0
1507286831,22856481,0.20774,43.50908827,0
1507286825,22856477,0.20774,179.40196173,0
1507286825,22856476,0.20774,6392.00000000,0
1507286825,22856475,0.20754,481.84192000,0
1507286825,22856474,0.20750,100.00000000,0
1507286824,22856473,0.20744,49.83855733,0
1507286684,22856261,0.20744,4299.54044100,0
1507286684,22856260,0.20743,412.93476000,0
1507286684,22856258,0.20690,26.00000000,0
1507286672,22856249,0.20628,500.00000000,0
1507286547,22856227,0.20748,120.19303065,0
1507286538,22856225,0.20737,274.18551382,0
1507286526,22856223,0.20612,76.00000000,1
1507286448,22856170,0.20628,25.00000000,1
1507286426,22856166,0.20737,288.64512707,0
1507286419,22856158,0.20750,9845.21178453,0
1507286419,22856157,0.20750,199.00000000,0
1507286419,22856156,0.20749,513.22613000,0
1507286419,22856154,0.20737,3604.80246516,0
1507286417,22856153,0.20679,264.00000000,0
1507286398,22856151,0.20737,1683.56078507,0
1507286396,22856150,0.20737,711.63674977,0
1507286396,22856149,0.20733,106.00195000,0
1507286396,22856148,0.20728,5436.76629000,0
1507286395,22856147,0.20701,100.00000000,0
1507286395,22856146,0.20700,1000.00000000,0
1507286395,22856145,0.20700,5706.88354000,0
1507286395,22856144,0.20700,100.00000000,0
1507286395,22856143,0.20690,26.00000000,0
1507286394,22856142,0.20684,450.00000000,0
1507286394,22856141,0.20683,1174.90541036,0
1507286394,22856140,0.20676,100.00000000,0
1507286394,22856139,0.20651,100.00000000,0
1507286392,22856138,0.20650,48.00000000,0
1507286392,22856137,0.20650,156.66444322,0
1507286330,22856116,0.20650,170.90349348,0
1507286330,22856115,0.20650,1607.58855404,0
1507286330,22856113,0.20650,661.31856998,0
1507286324,22856106,0.20650,2338.68143002,0
1507286324,22856105,0.20626,100.00000000,0
1507286317,22856096,0.20624,100.00000000,0
1507286317,22856095,0.20624,341.31660065,0
1507286314,22856090,0.20624,2754.93293100,0
1507286299,22856067,0.20623,441.31660100,0
1507286296,22856059,0.20600,25464.78724100,0
1507286296,22856057,0.20600,4535.21275900,0
1507286283,22856051,0.20590,26.00000000,0
1507286270,22856047,0.20590,199.00000000,0
1507286268,22856046,0.20564,199.00000000,1
1507286257,22856044,0.20590,173.00000000,0
1507286251,22856038,0.20590,26.00000000,1
1507286229,22856017,0.20624,242.00000000,0
1507286107,22855943,0.20624,1499.35589370,0
1507286107,22855942,0.20622,657.48377830,0
1507286105,22855938,0.20622,682.07717420,0
1507286105,22855937,0.20620,817.59245680,0
1507286105,22855934,0.20620,1339.56095200,0
1507286096,22855920,0.20600,4000.00000000,1
1507285962,22855843,0.20600,1000.00000000,1
1507285923,22855830,0.20622,4245.57228100,0
1507285923,22855829,0.20620,5616.13072000,0
1507285859,22855805,0.20590,26.00000000,0
1507285834,22855779,0.20531,1000.00000000,0
1507285753,22855705,0.20531,1000.00000000,1
1507285751,22855704,0.20531,649.98000000,1
1507285727,22855698,0.20531,2371.34401319,0
1507285726,22855697,0.20541,453.22935343,1
1507285726,22855694,0.20551,895.71191738,1
1507285726,22855693,0.20555,2581.00000000,1
1507285724,22855689,0.20588,934.00000000,1
1507285658,22855675,0.20620,447.61838021,0
1507285640,22855670,0.20620,1163.00000000,0
1507285640,22855669,0.20590,26.00000000,0
1507285596,22855642,0.20620,68.91721629,0
1507285594,22855641,0.20590,26.00000000,0
1507285594,22855640,0.20590,1.77693055,0
1507285569,22855629,0.20590,24.22306945,0
1507285501,22855586,0.20620,725.70737148,0
1507285426,22855565,0.20588,264.00000000,0
1507285320,22855522,0.20556,7648.75480000,0
1507285320,22855521,0.20556,7551.24520000,1
1507285317,22855520,0.20555,170.00000000,1
1507285240,22855481,0.20600,1635.00000000,1
1507285240,22855480,0.20601,0.55888660,1
1507285229,22855453,0.20624,626.55958465,0
1507285227,22855451,0.20611,147.34050390,0
1507285221,22855445,0.20601,1441.82344512,1
1507285207,22855431,0.20601,573.42600000,1
1507285164,22855408,0.20601,1370.03338600,1
1507285145,22855390,0.20601,1252.53075000,1
1507285132,22855380,0.20601,1253.78453500,1
1507285123,22855377,0.20601,212.18479259,1
1507285100,22855358,0.20601,100.00000000,0
1507285100,22855357,0.20601,106.54902333,0
1507285077,22855333,0.20601,3267.25647861,0
1507285075,22855330,0.20600,250.00000000,0
1507285075,22855329,0.20600,2517.95626794,0
1507284981,22855248,0.20600,726.33946602,0
1507284976,22855246,0.20600,24.21131068,0
1507284906,22855208,0.20600,108.00000000,0
1507284903,22855173,0.20600,500.00000000,0
1507284875,22855156,0.20600,2185.73844660,0
1507284873,22855155,0.20590,2279.93501700,0
1507284860,22855151,0.20590,120.15920349,0
1507284850,22855141,0.20551,49.16069000,1
1507284840,22855134,0.20590,34.00000000,1
1507284786,22855107,0.20600,2207.52668092,0
1507284760,22855094,0.20590,26.00000000,0
1507284731,22855056,0.20600,3093.37086378,0
1507284729,22855054,0.20590,26.00000000,0
1507284700,22855049,0.20600,193.69048544,0
1507284647,22855019,0.20551,26.12739262,1
1507284647,22855018,0.20590,473.87260738,1
1507284632,22855004,0.20600,1301.20349514,0
1507284632,22855003,0.20599,1000.00000000,0
1507284630,22855001,0.20596,119.99995145,0
1507284590,22854975,0.20590,26.00000000,0
1507284550,22854940,0.20599,769.89086848,0
1507284398,22854792,0.20601,2253.02800436,0
1507284398,22854791,0.20590,26.00000000,0
1507284396,22854790,0.20576,142.06017115,0
1507284385,22854778,0.20576,257.53892885,1
1507284381,22854775,0.20576,279.91558125,1
1507284381,22854774,0.20596,120.00000000,1
1507284381,22854772,0.20600,74.42071247,1
1507284342,22854736,0.20600,100.00000000,0
1507284342,22854735,0.20600,746.73514563,0
1507284276,22854684,0.20600,29.05354369,0
1507284265,22854671,0.20600,24.21131068,0
1507284222,22854616,0.20595,2147.17196135,1
1507284220,22854612,0.20590,273.50712951,0
1507284200,22854597,0.20590,4726.49287049,0
1507284200,22854596,0.20590,26.00000000,0
1507284199,22854595,0.20588,107.50712951,0
1507284199,22854594,0.20588,40.00000000,0
1507284190,22854586,0.20576,51.54548990,0
1507284157,22854536,0.20576,48.45451010,0
1507284098,22854449,0.20541,2000.00000000,1
1507284025,22854325,0.20551,498.00000000,0
1507284025,22854323,0.20551,57.76769987,0
1507284025,22854321,0.20541,264.00000000,0
1507283996,22854230,0.20551,42.23230013,0
1507283988,22854228,0.20527,0.00000031,0
1507283987,22854225,0.20527,147.95088000,0
1507283974,22854220,0.20526,51.40280620,0
1507283962,22854218,0.20526,48.59719380,0
1507283960,22854214,0.20520,0.00000026,0
1507283880,22854149,0.20520,805.06966800,0
1507283856,22854138,0.20520,694.93033174,0
1507283856,22854137,0.20520,242.46833326,0
1507283719,22854043,0.20520,1599.04365556,0
1507283665,22854007,0.20520,480.00000000,0
1507283655,22854003,0.20502,378.12000000,1
1507283602,22853971,0.20520,1596.04810000,0
1507283601,22853970,0.20520,89.93109162,0
1507283583,22853947,0.20520,145.80896686,0
1507283575,22853941,0.20520,1338.54113270,0
1507283575,22853940,0.20503,491.66427030,0
1507283575,22853939,0.20501,100.00000000,0
1507283570,22853937,0.20500,150.00000000,0
1507283570,22853936,0.20500,500.00000000,0
1507283570,22853935,0.20500,6496.87000000,0
1507283570,22853934,0.20500,4237.07010620,0
1507283570,22853932,0.20498,1474.09691032,0
1507283567,22853931,0.20498,1025.90308968,0
1507283567,22853930,0.20490,26.00000000,0
1507283567,22853929,0.20480,1350.00000000,0
1507283567,22853928,0.20476,100.00000000,0
1507283567,22853927,0.20451,100.00000000,0
1507283567,22853926,0.20450,1034.08501232,0
1507283553,22853915,0.20450,342.60284936,0
1507283553,22853914,0.20449,1034.08501264,0
1507283546,22853907,0.20449,502.39108525,0
1507283541,22853901,0.20449,3291.11010900,0
1507283539,22853898,0.20439,450.00000000,0
1507283419,22853852,0.20410,760.03467943,0
1507283405,22853845,0.20410,945.89673000,0
1507283392,22853829,0.20410,220.00000000,0
1507283385,22853825,0.20410,110.94262616,0
1507283379,22853822,0.20410,945.89673000,0
1507283373,22853817,0.20410,2443.60607564,0
1507283371,22853815,0.20400,960.00000000,1
1507283366,22853812,0.20410,825.11564000,0
1507283353,22853804,0.20410,825.11564000,0
1507283340,22853796,0.20410,825.11564000,0
1507283328,22853784,0.20410,122.18348849,0
1507283326,22853781,0.20410,825.11564000,0
1507283314,22853775,0.20410,825.11564000,0
1507283312,22853773,0.20410,825.11564000,0
1507283254,22853692,0.20410,10185.58050766,0
1507283254,22853691,0.20400,5500.00000000,0
1507283254,22853690,0.20398,79.89443911,0
1507283254,22853688,0.20390,0.13000000,0
1507283252,22853682,0.20390,25.87000000,0
1507283250,22853668,0.20389,1220.73735000,0
1507283222,22853630,0.20389,1642.41900044,0
1507283156,22853575,0.20325,2313.77873580,1
1507283114,22853510,0.20389,1437.96907000,0
1507283101,22853496,0.20389,1437.96907000,0
1507283087,22853485,0.20389,1198.70712000,0
1507283074,22853465,0.20389,1198.70712000,0
1507283061,22853457,0.20389,1198.70712000,0
1507283048,22853449,0.20389,1342.44456000,0
1507283043,22853443,0.20389,2416.83294914,0
1507283035,22853439,0.20389,1342.44456000,0
1507283021,22853411,0.20389,1342.44456000,0
1507283015,22853397,0.20316,821.59309877,0
1507283014,22853392,0.20316,1448.11035636,0
1507283012,22853390,0.20316,2211.59153638,0
1507283011,22853387,0.20316,783.69466800,0
1507282981,22853366,0.20316,1616.00000000,1
1507282904,22853287,0.20316,2377.58336461,0
1507282904,22853284,0.20316,119.59315000,0
1507282899,22853280,0.20316,2377.65347835,0
1507282898,22853277,0.20316,6001.83629000,0
1507282897,22853276,0.20316,10840.95180100,0
1507282896,22853274,0.20316,2090.50591500,0
1507282896,22853273,0.20316,1272.57166200,0
1507282895,22853272,0.20316,1186.69000000,0
1507282894,22853267,0.20316,13460.49001000,1
1507282893,22853266,0.20316,2897.44540000,1
1507282828,22853247,0.20398,102.01612089,0
1507282827,22853246,0.20390,26.00000000,0
1507282825,22853242,0.20353,306.00000000,0
1507282800,22853224,0.20300,158.93683000,1
1507282718,22853175,0.20398,40.08944000,0
1507282622,22853125,0.20398,218.44592607,0
1507282620,22853123,0.20390,26.00000000,0
1507282422,22853036,0.20379,244.70068694,0
1507282411,22853034,0.20380,40000.00000000,1
1507282375,22853007,0.20387,11599.84021000,1
1507282342,22852979,0.20387,442.32000000,1
1507282339,22852978,0.20387,99.90000000,1
1507282314,22852969,0.20387,5306.61802000,0
1507282169,22852766,0.20301,5312.00000000,1
1507282071,22852708,0.20389,3256.18967330,0
1507282070,22852707,0.20388,1636.18544000,0
1507281946,22852563,0.20388,176.00456150,0
1507281944,22852562,0.20387,1000.00000000,0
1507281944,22852561,0.20387,1006.41759000,0
1507281847,22852496,0.20387,200.00000000,0
1507281801,22852474,0.20388,244.46231499,0
1507281774,22852435,0.20382,200.00000000,1
1507281740,22852414,0.20382,244.70272790,0
1507281616,22852377,0.20345,147.06316048,0
1507281601,22852373,0.20302,303.85567000,1
1507281575,22852360,0.20409,9775.09922093,0
1507281550,22852340,0.20301,79.10211570,1
1507281548,22852339,0.20305,1215.55500000,1
1507281533,22852331,0.20402,997.40844035,0
1507281519,22852327,0.20406,977.76070554,0
1507281495,22852322,0.20387,777.69544317,0
1507281493,22852321,0.20380,225.41709000,0
1507281479,22852311,0.20380,2448.57747664,1
1507281466,22852303,0.20381,979.15195525,0
1507281455,22852299,0.20381,2929.80018850,0
1507281454,22852298,0.20380,1960.38512150,0
1507281392,22852278,0.20413,1240.25116347,1
1507281392,22852277,0.20390,26.00000000,0
1507281390,22852276,0.20389,200.00000000,0
1507281368,22852273,0.20280,6677.00000000,1
1507281368,22852272,0.20300,5000.00000000,1
1507281368,22852271,0.20300,1392.00000000,1
1507281366,22852270,0.20302,2500.00000000,1
1507281120,22852069,0.20291,400.00000000,1
1507281064,22852046,0.20283,190.01310000,1
1507280935,22852001,0.20302,2404.03004100,1
1507280914,22851988,0.20301,492.65308124,1
1507280913,22851987,0.20389,0.00000076,1
1507280871,22851975,0.20389,445.26971000,1
1507280862,22851969,0.20415,488.61435219,0
1507280837,22851955,0.20418,327.56653670,0
1507280798,22851901,0.20430,5312.22114537,0
1507280709,22851869,0.20433,315.88572407,0
1507280707,22851866,0.20390,26.00000000,0
1507280692,22851861,0.20389,2000.00000000,1
1507280576,22851808,0.20418,1950.00000000,0
1507280558,22851802,0.20390,26.00000000,0
1507280557,22851801,0.20295,300.00000000,0
1507280482,22851773,0.20357,2.14432746,0
1507280482,22851772,0.20290,26.00000000,0
1507280396,22851722,0.20412,4105.65252442,1
1507280395,22851721,0.20412,537.32930000,0
1507280271,22851668,0.20279,175.78659705,1
1507280271,22851667,0.20300,492.90145295,1
1507280269,22851664,0.20370,176.69845000,1
1507280195,22851641,0.20400,2800.00000000,1
1507280185,22851638,0.20370,462.25000000,1
1507280097,22851566,0.20398,978.33591529,0
1507280018,22851506,0.20306,2000.00000000,1
1507279954,22851473,0.20435,5552.74969415,0
1507279954,22851472,0.20434,688.89799000,0
1507279954,22851471,0.20428,605.23221820,0
1507279952,22851469,0.20420,720.00000000,0
1507279853,22851407,0.20428,221.73672410,0
1507279715,22851354,0.20434,627.16888519,1
1507279715,22851353,0.20431,200.00000000,0
1507279713,22851350,0.20428,491.03678752,0
1507279672,22851338,0.20312,1500.00000000,1
1507279582,22851310,0.20427,701.21917070,0
1507279582,22851309,0.20400,2206.00000000,0
1507279581,22851307,0.20390,26.00000000,0
1507279485,22851204,0.20386,407.14534484,0
1507279483,22851203,0.20385,1036.36830000,0
1507279473,22851198,0.20386,979.62145153,1
1507279472,22851195,0.20386,243.57093538,1
1507279330,22851099,0.20288,1864.87074570,1
1507279272,22851083,0.20355,124.00000000,0
1507279272,22851082,0.20318,120.00000000,0
1507279207,22851071,0.20371,1224.54076874,0
1507279179,22851066,0.20382,424.76226452,0
1507279053,22851014,0.20382,978.81091159,0
1507278962,22850984,0.20385,1083.86612705,0
1507278961,22850983,0.20381,177.32809000,0
1507278961,22850982,0.20326,90.00505398,0
1507278959,22850981,0.20300,1095.43758621,0
1507278907,22850974,0.20300,472.56241379,0
1507278837,22850964,0.20279,300.00000000,1
1507278779,22850943,0.20279,921.20167000,1
1507278778,22850942,0.20299,2099.00000000,0
1507278778,22850941,0.20290,26.00000000,0
1507278738,22850913,0.20206,315.50300000,1
1507278636,22850877,0.20282,2262.36495415,0
1507278632,22850876,0.20282,1032.81875555,0
1507278590,22850853,0.20282,75.00000000,0
1507278515,22850829,0.20290,8874.74027000,1
1507278513,22850827,0.20290,26.00000000,0
1507278490,22850817,0.20178,1479.94510000,1
1507278490,22850814,0.20197,450.00000000,1
1507278490,22850813,0.20200,300.56197000,1
1507278490,22850812,0.20200,269.49293000,1
1507278488,22850808,0.20201,2500.00000000,1
1507278466,22850791,0.20198,109.96681927,1
1507278466,22850789,0.20198,4390.20000000,0
1507278465,22850783,0.20200,42.00000000,1
1507278465,22850782,0.20200,335.83318073,1
1507278428,22850770,0.20298,50.12592374,1
1507278401,22850756,0.20304,6527.13042106,0
1507278400,22850755,0.20290,26.00000000,0
1507278362,22850726,0.20325,2657.10705083,1
1507278361,22850724,0.20325,2399.02015600,1
1507278361,22850723,0.20325,7477.16203500,1
1507278361,22850722,0.20325,1904.42045500,1
1507278361,22850721,0.20325,6168.93068200,1
1507278360,22850720,0.20325,1778.38166400,1
1507278360,22850719,0.20326,3536.69435800,1
1507278360,22850717,0.20326,1344.44847800,1
1507278360,22850716,0.20326,5685.11253700,1
1507278360,22850715,0.20326,1576.95540100,1
1507278358,22850713,0.20325,7612.81623200,1
1507278357,22850712,0.20325,2288.89435906,1
1507278357,22850710,0.20297,1026.85820000,0
1507278357,22850708,0.20297,4326.17609000,0
1507278357,22850707,0.20279,7612.78139300,0
1507278357,22850706,0.20278,1846.87135096,0
1507278357,22850705,0.20276,1978.36631000,0
1507278353,22850701,0.20280,24.59334320,1
1507278331,22850695,0.20200,800.00000000,1
1507278316,22850678,0.20200,1172.22589555,1
1507278276,22850632,0.20325,486.94800000,0
1507278271,22850630,0.20326,2002.27560760,0
1507278238,22850600,0.20332,986.00000000,0
1507278190,22850583,0.20336,97.13078510,0
1507278146,22850556,0.20354,10000.00000000,0
1507278139,22850536,0.20225,707.81506077,0
1507278139,22850535,0.20226,492.22797923,0
1507278136,22850530,0.20224,3108.76879000,1
1507278136,22850529,0.20225,1216.17873000,1
1507278061,22850487,0.20409,1148.08166397,1
1507278061,22850486,0.20409,709.13819000,0
1507278017,22850476,0.20345,108.00000000,0
1507277929,22850414,0.20400,0.00000266,1
1507277929,22850413,0.20400,27.12718000,1
1507277897,22850409,0.20400,1247.59803900,1
1507277882,22850402,0.20400,100.00000000,1
1507277869,22850398,0.20400,1379.55870600,1
1507277741,22850360,0.20432,50.00000000,0
1507277697,22850343,0.20449,2407.97716773,1
1507277695,22850342,0.20449,2422.02283227,0
1507277692,22850339,0.20400,2274.24793844,1
1507277692,22850338,0.20400,4162.62806156,1
1507277682,22850319,0.20400,26.00000000,1
1507277676,22850314,0.20400,699.99995099,1
1507277669,22850310,0.20400,2362.29680800,1
1507277669,22850309,0.20401,12323.72610000,1
1507277519,22850278,0.20402,1110.72000000,1
1507277507,22850275,0.20448,51.15041932,1
1507277506,22850274,0.20448,443.50495040,0
1507277504,22850267,0.20449,4646.40275808,0
1507277502,22850266,0.20448,231.62817880,0
1507277496,22850265,0.20449,231.57440965,0
1507277494,22850263,0.20448,200.00000000,0
1507277425,22850241,0.20445,838.00000000,1
1507277425,22850240,0.20445,1838.52352736,1
1507277392,22850220,0.20445,714.83655382,0
1507277364,22850208,0.20445,0.35760202,1
1507277362,22850203,0.20445,715.19417744,1
1507277357,22850196,0.20445,504.49126075,0
1507277348,22850193,0.20445,195.15891416,0
1507277334,22850187,0.20445,2000.00000000,1
1507277319,22850177,0.20447,4627.70761118,0
1507277319,22850176,0.20446,1372.29238882,0
1507277314,22850175,0.20446,12934.57161118,0
1507277314,22850174,0.20445,536.09380015,0
1507277296,22850161,0.20446,0.00004890,0
1507277296,22850160,0.20445,536.36179996,1
1507277294,22850157,0.20445,1903.12511617,1
1507277280,22850133,0.20447,6150.85748521,0
1507277267,22850125,0.20447,23434.20796216,0
1507277255,22850121,0.20447,3658.36136000,0
1507277254,22850120,0.20439,450.00000000,0
1507277254,22850119,0.20426,100.00000000,0
1507277254,22850118,0.20417,5519.52387000,0
1507277252,22850115,0.20401,100.00000000,0
1507277245,22850111,0.20400,83.74772849,0
1507277216,22850096,0.20400,916.25227151,0
1507277215,22850095,0.20390,26.00000000,0
1507277215,22850094,0.20376,100.00000000,0
1507277215,22850093,0.20351,100.00000000,0
1507277213,22850090,0.20326,100.00000000,0
1507277198,22850082,0.20314,5316.04171000,0
1507277187,22850071,0.20314,231.44524000,0
1507277152,22850045,0.20301,8.95493326,0
1507277146,22850040,0.20301,80.59439929,0
1507277144,22850038,0.20301,10.45066745,0
1507277142,22850037,0.20300,87.82526555,0
1507277131,22850028,0.20300,790.42738995,0
1507277100,22849994,0.20300,4500.00000000,0
1507277071,22849976,0.20300,492.48044224,0
1507277065,22849971,0.20300,508.50000000,0
1507277053,22849965,0.20300,620.76690226,0
1507277053,22849964,0.20299,47.76550000,0
1507277052,22849963,0.20290,26.00000000,0
1507277052,22849962,0.20276,100.00000000,0
1507277052,22849961,0.20251,100.00000000,0
1507277050,22849960,0.20226,100.00000000,0
1507277045,22849958,0.20212,2043.00000000,1
1507277043,22849956,0.20212,1344.59877100,0
1507277042,22849954,0.20212,301.07350000,0
1507277040,22849953,0.20212,400.50000000,0
1507277029,22849943,0.20212,301.07350000,0
1507277022,22849937,0.20212,400.50000000,0
1507277020,22849933,0.20212,172.86801900,0
1507277016,22849923,0.20212,301.07350000,0
1507276999,22849912,0.20212,1072.80000000,0
1507276984,22849891,0.20212,1280.96642000,0
1507276984,22849889,0.20201,100.00000000,0
1507276984,22849888,0.20197,4500.00000000,0
1507276897,22849836,0.20190,26.00000000,0
1507276897,22849835,0.20190,1170.36273131,0
1507276893,22849834,0.20189,996.51113000,0
1507276889,22849824,0.20189,4500.00000000,0
1507276875,22849820,0.20189,497.39957402,0
1507276824,22849778,0.20176,22.50000000,0
1507276824,22849777,0.20141,120.00000000,0
1507276800,22849766,0.20092,223.41060000,1
1507276776,22849747,0.20176,202.50000000,0
1507276712,22849704,0.20090,26.00000000,0
1507276412,22849444,0.20176,508.06537470,1
1507276410,22849440,0.20090,26.00000000,0
1507276338,22849398,0.20154,494.93896993,0
1507276282,22849345,0.20100,49.62716418,0
1507276272,22849328,0.20201,4704.29325280,1
1507276272,22849327,0.20200,1100.00000009,0
1507276271,22849326,0.20197,450.00000000,0
1507276271,22849325,0.20197,1170.36273131,1
1507276271,22849324,0.20190,26.00000000,0
1507276271,22849322,0.20190,1000.00000000,0
1507276271,22849321,0.20176,100.00000000,0
1507276270,22849319,0.20151,100.00000000,0
1507276270,22849316,0.20126,100.00000000,0
1507276270,22849315,0.20124,234.18959000,0
1507276270,22849314,0.20110,5603.70388000,0
1507276269,22849313,0.20110,1950.32254693,1
1507276269,22849311,0.20100,3467.16777219,0
1507276269,22849308,0.20090,26.00000000,0
1507276269,22849307,0.20087,1774.69565200,1
1507276267,22849306,0.20087,1170.94793000,0
1507276267,22849305,0.20087,337.64094717,0
1507276252,22849299,0.20087,24.82964106,0
1507276053,22849194,0.20087,1092.45006969,0
1507276025,22849183,0.20079,200.00000000,1
1507275966,22849141,0.20071,109.68384400,0
1507275790,22849051,0.20078,124.19766921,0
1507275720,22849035,0.20088,1491.65749148,0
1507275720,22849034,0.20082,481.72724000,0
1507275720,22849033,0.20082,2408.63620000,0
1507275719,22849031,0.20000,222.00000000,0
1507275719,22849029,0.20000,481.33840000,0
1507275693,22849009,0.19966,75.58939637,0
1507275572,22848895,0.20000,218.66160000,0
1507275572,22848893,0.20000,94.60000000,0
1507275572,22848891,0.20000,1000.00000000,0
1507275572,22848889,0.20000,337.52000000,0
1507275572,22848888,0.19998,10000.00000000,0
1507275571,22848887,0.19990,26.00000000,0
1507275571,22848886,0.19983,39.00000000,0
1507275571,22848884,0.19955,655.81803346,0
1507275569,22848881,0.19950,100.00000000,0
1507275537,22848843,0.19924,2500.96283481,1
1507275447,22848777,0.19924,0.00000028,0
1507275369,22848735,0.19924,1224.83386300,0
1507275296,22848690,0.19924,37.54913672,0
1507275244,22848652,0.19924,187.61700000,0
1507275193,22848626,0.19923,3152.92194700,1
1507275023,22848487,0.19924,1223.49219496,1
1507275023,22848484,0.19923,1130.96462039,1
1507275008,22848471,0.19943,500.17860904,0
1507275005,22848448,0.19924,500.00000000,1
1507274982,22848407,0.19922,13580.19175352,1
1507274976,22848404,0.19890,913.66283945,0
1507274965,22848396,0.19890,0.00010055,1
1507274919,22848377,0.19890,209.49989945,1
1507274814,22848314,0.19890,26.00000000,0
1507274774,22848292,0.19817,504.61000000,0
1507274733,22848257,0.19814,130.00000000,1
1507274553,22848150,0.19813,468.00000000,0
1507274469,22848089,0.19924,905.43767013,0
1507274468,22848088,0.19924,1097.38450413,0
1507274428,22848065,0.19920,276.44390356,0
1507274428,22848064,0.19918,706.60194000,0
1507274428,22848063,0.19900,3000.00000000,0
1507274427,22848060,0.19890,26.00000000,0
1507274400,22848049,0.19810,2226.74886479,0
1507274400,22848048,0.19806,299.00000000,0
1507274366,22848010,0.19810,525.56902382,0
1507274316,22847991,0.19810,464.53661029,0
1507274305,22847959,0.19810,504.79555780,0
1507274283,22847948,0.19810,1717.30633000,0
1507274275,22847945,0.19810,650.00000000,0
1507274245,22847940,0.19810,1714.06863000,0
1507274231,22847927,0.19810,3432.86218000,0
1507274225,22847924,0.19810,2141.24710000,0
1507274218,22847922,0.19810,3432.86218000,0
1507274216,22847920,0.19810,100.00000000,0
1507274205,22847913,0.19810,3432.86218000,0
1507274199,22847911,0.19810,462.44740000,0
1507274199,22847910,0.19809,176.45260000,0
1507274191,22847909,0.19810,1500.00000000,1
1507274191,22847908,0.19810,738.06867330,1
1507274191,22847906,0.19899,98.00000000,0
1507274068,22847849,0.19811,705.72648655,1
1507274064,22847843,0.19915,250.42837057,0
1507273966,22847797,0.19810,1014.93132670,1
1507273965,22847794,0.19814,274.45260000,1
1507273897,22847722,0.19923,250.34036039,0
1507273857,22847704,0.19919,100.00000000,0
1507273827,22847674,0.19928,1097.71286631,1
1507273825,22847672,0.19924,1406.09413000,0
1507273770,22847634,0.19882,1200.00000000,0
1507273756,22847623,0.19890,5007.36230955,1
1507273750,22847616,0.19890,26.00000000,0
1507273639,22847528,0.19840,2544.81236350,1
1507273521,22847408,0.19940,1250.75942828,0
1507273361,22847173,0.19890,26.00000000,0
1507273247,22847082,0.19943,614.16171087,0
1507273247,22847081,0.19900,88.34553584,0
1507273245,22847080,0.19879,299.00000000,0
1507273208,22847067,0.19811,1190.66976245,1
1507273162,22847050,0.19900,398.62229000,0
1507273152,22847042,0.19900,244.78903000,1
1507273082,22847006,0.19900,244.78902999,0
1507273058,22846985,0.19900,100.21097001,0
1507273057,22846984,0.19890,0.00000045,0
1507273042,22846975,0.19890,25.99999955,0
1507273042,22846974,0.19890,0.00000045,0
1507272952,22846928,0.19849,3639.63339822,1
1507272952,22846925,0.19847,3620.34543000,0
1507272950,22846918,0.19846,8743.71695600,0
1507272909,22846877,0.19755,3000.00000000,1
1507272817,22846811,0.19859,2682.49164000,0
1507272802,22846768,0.19743,1737.92646394,0
1507272802,22846766,0.19743,937.32381100,0
1507272706,22846720,0.19743,354.42854000,0
1507272704,22846718,0.19851,895.57146000,1
1507272674,22846710,0.19882,4584.76583000,0
1507272530,22846650,0.19851,274.53920000,1
1507272528,22846648,0.19727,2197.55617187,1
1507272528,22846647,0.19750,200.00000000,1
1507272527,22846646,0.19754,2565.31580000,0
1507272527,22846645,0.19760,2000.00000000,1
1507272527,22846644,0.19791,3992.39339143,1
1507272526,22846643,0.19800,1667.67676767,1
1507272526,22846642,0.19800,4000.00000000,1
1507272526,22846641,0.19800,2500.00000000,1
1507272526,22846640,0.19800,2385.70439550,1
1507272526,22846639,0.19850,5987.47508353,1
1507272524,22846638,0.19851,274.53920000,1
1507272524,22846637,0.19851,2229.33919000,1
1507272418,22846576,0.19890,25.99999955,0
1507272418,22846575,0.19890,3035.03142945,0
1507272410,22846568,0.19890,463.89869000,0
1507272408,22846566,0.19890,31034.17950286,0
1507272397,22846563,0.19890,1870.45729000,0
1507272383,22846548,0.19890,1870.45729000,0
1507272382,22846546,0.19890,2486.55455800,0
1507272376,22846544,0.19890,1653.47103800,0
1507272370,22846541,0.19890,86.00000000,0
1507272370,22846539,0.19890,1870.45729000,0
1507272357,22846524,0.19890,1559.23414000,0
1507272344,22846512,0.19890,1559.23414000,0
1507272336,22846509,0.19890,3357.00000000,0
1507272334,22846508,0.19890,3730.00000000,0
1507272330,22846507,0.19890,1299.79505000,0
1507272317,22846498,0.19890,1544.31095000,0
1507272317,22846497,0.19889,1225.02953000,1
1507272304,22846484,0.19890,1834.82489000,0
1507272303,22846483,0.19889,1455.48062000,1
1507272295,22846466,0.19890,3730.00000000,0
1507272291,22846454,0.19890,2179.98996000,0
1507272290,22846452,0.19889,1729.28391000,1
1507272278,22846427,0.19890,535.49234000,0
1507272265,22846395,0.19890,636.22852000,0
1507272260,22846383,0.19890,921.55182000,0
1507272247,22846338,0.19890,2893.38944000,0
1507272236,22846302,0.19890,6257.30581900,0
1507272226,22846261,0.19890,5219.72458900,0
1507272226,22846260,0.19889,2726.95877000,0
1507272185,22846105,0.19889,185.00000000,0
1507272178,22846080,0.19850,4012.52491647,1
1507272177,22846078,0.19860,900.00000000,0
1507272176,22846072,0.19860,1587.47508353,1
1507272176,22846069,0.19889,928.31790200,0
1507272164,22846043,0.19889,3340.91623510,0
1507272162,22846040,0.19875,90.00000000,0
1507272101,22845881,0.19890,3174.13427968,1
1507272041,22845801,0.19890,1460.88568100,1
1507272040,22845800,0.19890,358.64100000,1
1507272016,22845764,0.19890,26.00000000,0
1507271919,22845696,0.19954,2210.38118000,0
1507271919,22845695,0.19933,360.00000000,0
1507271919,22845694,0.19929,4303.61882000,0
1507271919,22845693,0.19890,26.00000000,0
1507271919,22845692,0.19879,100.00000000,0
1507271867,22845646,0.19860,12.52491647,0
1507271858,22845632,0.19860,112.72424823,0
1507271842,22845615,0.19860,1127.24248229,0
1507271819,22845564,0.19860,257.71903323,0
1507271770,22845504,0.19860,989.78931978,0
1507271649,22845430,0.19853,2540.67891923,0
1507271617,22845410,0.19853,462.25039037,0
1507271447,22845304,0.19800,2207.29560450,1
1507271445,22845303,0.19830,285.00000000,1
1507271378,22845281,0.19853,2500.00000000,1
1507271378,22845280,0.19879,2000.00000000,1
1507271327,22845249,0.19879,13491.23817000,0
1507271327,22845248,0.19933,11513.52611247,1
1507271326,22845247,0.19932,3045.96197000,0
1507271326,22845246,0.19932,252.00839042,1
1507271326,22845245,0.19880,6450.58696080,0
1507271325,22845244,0.19854,3794.24515010,0
1507271170,22845219,0.19854,1695.21870050,1
1507271165,22845214,0.19880,1131.41303920,1
1507271147,22845204,0.19880,541.23711340,1
1507271042,22845175,0.19880,2327.34984740,1
1507271040,22845174,0.19881,337.51733000,1
1507271040,22845173,0.19881,100.32200000,1
1507270876,22845124,0.19933,1016.61623952,1
1507270841,22845103,0.19983,435.00000000,0
1507270807,22845092,0.19983,2416.09578141,1
1507270805,22845091,0.19933,90.00000000,0
1507270763,22845056,0.19989,499.17694732,0
1507270712,22845052,0.19881,400.00000000,1
1507270444,22844950,0.19881,200.00000000,0
1507270325,22844921,0.19948,21.58060958,0
1507270323,22844920,0.19890,26.00000000,0
1507270050,22844858,0.19878,4000.00000000,1
1507270050,22844857,0.19879,273.58900000,1
1507269975,22844786,0.19900,1578.12518582,1
1507269974,22844785,0.19900,1976.26532700,1
1507269952,22844777,0.19929,2500.00000000,0
1507269705,22844663,0.19907,1921.86330300,1
1507269682,22844643,0.19907,1290.21047800,1
1507269682,22844642,0.19907,1158.90368779,1
1507269682,22844641,0.19908,0.00000021,1
1507269667,22844607,0.19908,1921.86330300,1
1507269662,22844602,0.20052,18511.95923410,0
1507269662,22844601,0.20025,336.79000000,0
1507269662,22844600,0.20000,1000.00000000,0
1507269662,22844599,0.20000,962.12621590,0
1507269661,22844598,0.20000,1828.00000000,0
1507269661,22844596,0.19997,250.00000000,0
1507269661,22844594,0.19990,26.00000000,0
1507269661,22844593,0.19949,1052.78960000,0
1507269661,22844591,0.19948,873.42405000,0
1507269661,22844590,0.19946,919.67205000,0
1507269660,22844588,0.19913,4367.12023000,0
1507269656,22844551,0.19907,469.06515000,0
1507269656,22844547,0.19907,3464.94219085,0
1507269634,22844490,0.19918,4827.06465651,0
1507269612,22844451,0.19878,90.00000000,1
1507269554,22844331,0.19918,100.16126117,0
1507269516,22844274,0.19810,2657.47633620,1
1507269516,22844273,0.19810,2968.94280000,1
1507269120,22843801,0.19965,499.62744803,0
1507269046,22843735,0.19813,7000.00000000,1
1507268987,22843685,0.19899,501.28147000,0
1507268754,22843578,0.19988,276.44044926,0
1507268753,22843577,0.19988,210.37499000,1
1507268753,22843576,0.19971,1051.87497000,1
1507268753,22843574,0.19900,2433.94260035,0
1507268751,22843573,0.19870,1030.59647966,0
1507268718,22843563,0.19870,1656.76577500,0
1507268628,22843521,0.19870,3644.63774534,0
1507268506,22843494,0.19820,1998.97053482,0
1507268490,22843483,0.19820,1001.02946518,0
1507268490,22843482,0.19820,53.00000000,0
1507268488,22843481,0.19816,41.00000000,0
1507268422,22843435,0.19820,50.00000000,1
1507268355,22843396,0.19857,5000.00000000,1
1507268313,22843391,0.19858,384.91721200,1
1507268205,22843353,0.19858,1000.00000000,1
1507268075,22843193,0.19857,2516.84848463,0
1507268048,22843160,0.19857,3001.53027800,0
1507268046,22843156,0.19857,3516.09262237,0
1507268032,22843142,0.19857,796.84940000,0
