date,tid,price,amount,type
1507334432,22887204,0.23289,0.00001000,0
1507334432,22887203,0.23288,3783.09079000,0
1507334432,22887202,0.23287,116.00980000,0
1507334409,22887197,0.23212,382.00000000,0
1507334405,22887195,0.23289,128.11834831,1
1507334405,22887194,0.23290,270.00000000,1
1507334400,22887185,0.23289,192.46913000,1
1507334162,22887130,0.23289,1628.74225000,1
1507334160,22887128,0.23290,116.00980000,1
1507334159,22887127,0.23290,1741.77623543,1
1507334158,22887126,0.23289,2864.01848000,1
1507334157,22887125,0.23288,2000.00003000,0
1507334157,22887124,0.23288,9999.99997000,0
1507334157,22887123,0.23285,0.00003000,0
1507334150,22887122,0.23285,5402.79420000,0
1507334145,22887121,0.23285,6597.20577000,0
1507334145,22887120,0.23284,3402.79423000,0
1507334131,22887117,0.23283,0.00002000,1
1507334130,22887116,0.23282,4006.41798000,0
1507334117,22887113,0.23284,560.29119094,0
1507334108,22887094,0.23284,88.76845400,0
1507334106,22887093,0.23284,0.00000195,0
1507334106,22887092,0.23275,3537.33749805,0
1507334101,22887089,0.23275,86.50519031,0
1507334098,22887086,0.23271,3807.16337712,1
1507334098,22887085,0.23275,7167.48539122,0
1507334098,22887084,0.23271,116.55440000,1
1507334094,22887082,0.23210,4150.33680000,0
1507334093,22887081,0.23210,116.55440000,0
1507334093,22887080,0.23210,116.55440000,0
1507334093,22887079,0.23210,116.55440000,0
1507334092,22887078,0.23210,2500.00000000,1
1507334092,22887077,0.23210,5000.00000000,1
1507334074,22887074,0.23275,559.77825739,0
1507334073,22887072,0.23275,89.55440000,1
1507334073,22887071,0.23276,559.33926303,1
1507334053,22887065,0.23275,9910.44560000,1
1507334053,22887064,0.23275,2500.00000000,0
1507334051,22887063,0.23289,116.55440000,1
1507333995,22887028,0.23275,1632.68900000,0
1507333988,22887015,0.23275,2500.00000000,0
1507333988,22887010,0.23130,11.27427108,0
1507333987,22887006,0.23130,895.53431163,0
1507333986,22887000,0.23101,1536.71485979,1
1507333986,22886999,0.23101,2175.97338600,1
1507333986,22886998,0.23101,1602.00763163,1
1507333986,22886997,0.23101,1852.78951380,1
1507333986,22886996,0.23120,4231.18512110,1
1507333986,22886995,0.23120,11482.22318339,1
1507333985,22886994,0.23120,700.00000000,1
1507333985,22886993,0.23130,200.00000000,1
1507333985,22886992,0.23140,700.00000000,1
1507333985,22886991,0.23150,80.36806626,1
1507333984,22886989,0.23200,4890.02860638,1
1507333984,22886988,0.23201,5000.00000000,1
1507333984,22886987,0.23205,300.00000000,1
1507333984,22886984,0.23219,5704.49041741,1
1507333983,22886983,0.23239,2000.00000000,1
1507333983,22886982,0.23242,280.00000000,1
1507333983,22886981,0.23275,5000.00000000,1
1507333982,22886980,0.23276,2500.00000000,1
1507333870,22886939,0.23285,500.00000000,1
1507333801,22886889,0.23284,615.89186872,1
1507333801,22886888,0.23284,1218.22465000,1
1507333800,22886886,0.23285,2500.00000000,1
1507333800,22886884,0.23310,993.71780000,0
1507333784,22886879,0.23251,1125.63135000,0
1507333783,22886878,0.23251,657.52000000,0
1507333783,22886877,0.23251,657.52000000,0
1507333783,22886876,0.23251,657.52000000,0
1507333783,22886875,0.23251,657.52000000,0
1507333782,22886871,0.23251,657.52000000,0
1507333782,22886870,0.23251,657.52000000,0
1507333782,22886869,0.23251,1049.41065000,1
1507333782,22886868,0.23287,657.52000000,1
1507333782,22886867,0.23287,657.52000000,1
1507333782,22886865,0.23287,657.52000000,1
1507333782,22886864,0.23287,657.52000000,1
1507333781,22886863,0.23287,657.52000000,1
1507333781,22886862,0.23287,657.52000000,1
1507333781,22886861,0.23288,657.52000000,1
1507333781,22886860,0.23288,1207.01800000,1
1507333781,22886859,0.23288,70.18000000,1
1507333780,22886853,0.23255,1136.83800000,0
1507333780,22886852,0.23255,1207.01800000,0
1507333779,22886851,0.23255,1207.01800000,0
1507333779,22886850,0.23255,1207.01800000,0
1507333779,22886849,0.23255,1207.01800000,0
1507333779,22886848,0.23255,1207.01800000,0
1507333779,22886847,0.23255,1207.01800000,0
1507333778,22886846,0.23255,1207.01800000,0
1507333778,22886845,0.23288,1207.01800000,1
1507333778,22886844,0.23288,1207.01800000,1
1507333778,22886843,0.23252,657.52000000,0
1507333776,22886842,0.23252,549.49800000,0
1507333773,22886840,0.23254,8292.98200000,1
1507333773,22886839,0.23255,2500.00000000,1
1507333757,22886828,0.23310,1698.37822000,0
1507333757,22886826,0.23310,4295.49229000,0
1507333757,22886825,0.23310,4048.88026100,0
1507333757,22886824,0.23310,2794.53648400,0
1507333755,22886822,0.23309,2111.80982700,0
1507333755,22886821,0.23309,1698.74476300,0
1507333701,22886805,0.23310,1709.22760000,0
1507333629,22886758,0.23281,5625.50633567,1
1507333629,22886757,0.23281,321.24192700,1
1507333627,22886756,0.23300,40223.25173733,1
1507333582,22886738,0.23310,2451.58334600,0
1507333554,22886729,0.23258,6678.75807300,0
1507333554,22886728,0.23258,5321.24192700,0
1507333554,22886727,0.23254,1678.75807300,0
1507333552,22886726,0.23254,2608.44631400,0
1507333552,22886725,0.23254,212.79561300,0
1507333551,22886724,0.23254,2500.00000000,0
1507333549,22886722,0.23254,2500.00000000,0
1507333549,22886721,0.23258,2500.00000000,1
1507333544,22886719,0.23309,1344.92650000,0
1507333520,22886709,0.23310,5044.65257000,0
1507333520,22886708,0.23310,2803.61843000,0
1507333518,22886707,0.23310,560.26157000,0
1507333516,22886698,0.23310,1979.44000000,0
1507333514,22886697,0.23310,3309.68000000,0
1507333511,22886685,0.23310,1347.00000000,1
1507333511,22886683,0.23310,2000.00000000,1
1507333510,22886681,0.23326,3354.38000000,0
1507333335,22886617,0.23400,61.53086512,1
1507333334,22886616,0.23400,1950.34549200,1
1507333279,22886586,0.23400,3266.40060900,1
1507333255,22886578,0.23400,721.72303388,1
1507333255,22886577,0.23410,192.42627212,1
1507333249,22886573,0.23410,829.29203900,1
1507333248,22886568,0.23410,2001.96714300,1
1507333237,22886558,0.23410,972.35143400,1
1507333214,22886540,0.23410,837.90888200,1
1507333191,22886514,0.23410,7464.85941600,1
1507333189,22886505,0.23500,88.51063829,1
1507332714,22885950,0.23410,7701.19481388,1
1507332713,22885949,0.23411,9551.60679000,1
1507332713,22885948,0.23411,200.00000000,1
1507332713,22885946,0.23412,1910.11595000,1
1507332713,22885944,0.23423,10000.00000000,1
1507332713,22885943,0.23482,3052.08244612,1
1507332711,22885942,0.23500,300.00000000,1
1507332640,22885833,0.23500,3756.79519332,0
1507332619,22885828,0.23500,43.20480668,0
1507332602,22885823,0.23494,254.00000000,0
1507332561,22885800,0.23500,200.00000000,1
1507332560,22885799,0.23500,1000.00000000,1
1507331501,22885179,0.23590,950.00000000,0
1507331430,22885169,0.23609,610.52840019,0
1507331016,22885077,0.23639,3969.07346097,0
1507331016,22885076,0.23633,430.19662720,0
1507331016,22885075,0.23631,299.26264000,0
1507331015,22885074,0.23600,2150.58235991,0
1507331015,22885073,0.23572,1496.31318000,0
1507331015,22885072,0.23572,8976.33900000,0
1507331015,22885069,0.23563,270.00000000,0
1507331014,22885068,0.23559,164.94095675,1
1507331014,22885067,0.23559,10000.00000000,1
1507331013,22885066,0.23559,1044.42790000,1
1507331013,22885065,0.23559,509.02902000,0
1507330923,22885009,0.23482,254.00000000,0
1507330793,22884978,0.23430,499.21501950,0
1507330792,22884972,0.23540,32.74913162,1
1507330185,22884812,0.23600,5234.68733647,1
1507330185,22884811,0.23600,2441.46832000,1
1507330185,22884809,0.23600,1360.42178500,1
1507330184,22884808,0.23600,1591.03261000,1
1507330184,22884807,0.23600,1484.46399200,1
1507330184,22884806,0.23600,1088.95582800,1
1507330184,22884805,0.23600,5174.05987000,1
1507330184,22884804,0.23600,22119.87628100,1
1507330182,22884803,0.23552,2441.46832000,0
1507330182,22884802,0.23543,1050.70470000,0
1507330182,22884801,0.23542,10000.00000000,0
1507330182,22884800,0.23542,270.00000000,0
1507330048,22884734,0.23599,3914.95945184,0
1507330010,22884711,0.23500,1384.53866000,1
1507330010,22884710,0.23501,270.00000000,1
1507329945,22884677,0.23500,30293.46134000,1
1507329945,22884676,0.23502,9436.53866000,1
1507329945,22884674,0.23503,270.00000000,1
1507329735,22884596,0.23571,5907.67824869,0
1507329734,22884594,0.23570,254.88001698,1
1507329733,22884593,0.23570,248.82426814,0
1507329714,22884592,0.23500,322.00000000,0
1507329601,22884554,0.23452,321.99995000,1
1507329210,22884403,0.23600,5020.64953000,1
1507329209,22884402,0.23600,2700.97503000,1
1507329208,22884401,0.23600,10000.00000000,1
1507329204,22884400,0.23588,2676.09513000,0
1507329204,22884399,0.23586,8350.42061000,0
1507329204,22884398,0.23586,1251.85970000,0
1507329204,22884397,0.23583,10000.00000000,0
1507328887,22884279,0.23588,334.74007970,0
1507328885,22884278,0.23587,270.00000000,0
1507328693,22884222,0.23410,975.22600000,0
1507328692,22884221,0.23411,5000.00000000,0
1507328692,22884220,0.23413,2500.00000000,0
1507328692,22884219,0.23413,11344.77400000,0
1507328690,22884218,0.23480,270.00000000,1
1507328667,22884164,0.23602,22.00000000,0
1507328602,22884149,0.23463,250.00000000,1
1507328524,22884101,0.23528,0.00004250,1
1507328478,22884071,0.23542,8354.70923830,1
1507328260,22883979,0.23639,6646.38174203,0
1507328260,22883978,0.23638,2637.35222000,0
1507328258,22883977,0.23637,1055.39810000,0
1507328150,22883937,0.23596,11164.92938312,0
1507328150,22883935,0.23594,1336.00000000,0
1507328088,22883896,0.23528,229.99995750,1
1507327980,22883840,0.23595,78.07879001,1
1507327927,22883833,0.23595,406.47899765,0
1507327926,22883832,0.23595,1138.13689696,0
1507327883,22883822,0.23595,606.55698100,0
1507327856,22883819,0.23595,2959.62712439,0
1507327795,22883785,0.23595,889.20000000,0
1507327568,22883729,0.23596,16700.82933988,0
1507327566,22883728,0.23595,1787.51305000,0
1507327520,22883715,0.23596,816.59460900,0
1507327520,22883714,0.23595,643.65934900,0
1507327518,22883713,0.23595,1480.11852100,0
1507327518,22883712,0.23596,2254.64666800,0
1507327508,22883708,0.23561,0.00000010,0
1507327508,22883707,0.23561,1999.99999990,0
1507327508,22883706,0.23530,0.00000010,0
1507327441,22883692,0.23530,4405.37730400,0
1507327441,22883691,0.23500,50.00000000,0
1507327402,22883670,0.23472,5069.22871260,1
1507327345,22883660,0.23530,4394.30728400,0
1507327327,22883654,0.23472,1584.73926381,1
1507327262,22883641,0.23530,906.80858271,0
1507327248,22883639,0.23530,66.24997875,0
1507327246,22883638,0.23501,322.00000000,0
1507327178,22883624,0.23530,5067.25302000,0
1507327161,22883619,0.23530,2223.30087800,0
1507327155,22883615,0.23530,330.46444600,0
1507327148,22883609,0.23530,2802.36668745,0
1507327143,22883606,0.23530,2358.35652358,0
1507327103,22883570,0.23530,366.69018274,0
1507326959,22883549,0.23530,538.04691423,0
1507326942,22883534,0.23530,4580.85493800,0
1507326926,22883532,0.23530,1987.02681500,0
1507326879,22883521,0.23530,5391.09844807,0
1507326879,22883520,0.23500,977.85638388,0
1507326879,22883519,0.23490,2638.36216805,0
1507326876,22883518,0.23490,6487.59263100,0
1507326809,22883502,0.23490,874.04520095,0
1507326809,22883501,0.23490,4790.84751105,0
1507326791,22883497,0.23490,126.91476500,0
1507326787,22883496,0.23490,4241.30019200,0
1507326787,22883495,0.23489,2500.00000000,0
1507326567,22883430,0.23490,2915.28314261,0
1507326282,22883286,0.23490,779.53216100,0
1507326282,22883285,0.23489,270.00000000,0
1507326068,22883221,0.23490,1386.10401272,0
1507326068,22883220,0.23488,1061.39420000,0
1507326066,22883218,0.23445,578.00000000,0
1507326064,22883209,0.23400,800.00000000,1
1507326015,22883199,0.23400,213.00000000,1
1507326015,22883198,0.23401,270.00000000,1
1507325830,22883163,0.23490,1019.26509153,0
1507325803,22883152,0.23500,977.85642252,1
1507325800,22883146,0.23500,4075.32691572,1
1507325799,22883143,0.23500,1177.31646809,1
1507325797,22883138,0.23500,1234.92222363,1
1507325797,22883137,0.23500,2411.98055320,1
1507325793,22883136,0.23498,1506.47793930,0
1507325793,22883135,0.23492,246.98445000,0
1507325793,22883134,0.23490,4923.80147000,0
1507325793,22883133,0.23450,2000.00000000,0
1507325793,22883132,0.23449,1234.92226000,0
1507325792,22883131,0.23449,210.41129754,0
1507325790,22883130,0.23449,850.87270246,1
1507325724,22883119,0.23440,369.47146000,1
1507325710,22883099,0.23440,1630.52854000,1
1507325698,22883087,0.23423,1630.52854000,0
1507325684,22883081,0.23421,1630.52854000,1
1507325662,22883076,0.23529,6596.45651841,1
1507325662,22883075,0.23529,1536.73890000,0
1507325662,22883074,0.23500,100.00000000,0
1507325660,22883073,0.23498,248.74499957,0
1507325508,22883042,0.23498,21.25500043,0
1507325474,22883035,0.23401,1667.26164000,1
1507325474,22883034,0.23402,270.00000000,1
1507325137,22882954,0.23467,1068.87284271,1
1507325135,22882953,0.23375,187.00000000,0
1507324986,22882861,0.23390,391.00000000,1
1507324799,22882750,0.23496,243.25583077,1
1507324797,22882749,0.23469,168.74475149,0
1507324459,22882661,0.23497,21.25590501,0
1507324242,22882594,0.23334,5736.24972290,1
1507324185,22882562,0.23400,1163.65893000,0
1507324148,22882553,0.23400,1042.13000000,0
1507324146,22882548,0.23400,3662.26520200,0
1507324145,22882547,0.23400,3160.37000000,0
1507324144,22882546,0.23400,1643.00000000,0
1507324144,22882545,0.23400,7867.81770600,0
1507324135,22882543,0.23399,2929.31013000,0
1507324135,22882542,0.23396,1314.52158000,0
1507324124,22882532,0.23396,112.84644900,0
1507324122,22882531,0.23398,5798.60099300,0
1507324111,22882517,0.23390,2266.26900800,0
1507324109,22882513,0.23390,60.00000000,1
1507324109,22882510,0.23392,3451.84442000,0
1507324108,22882509,0.23390,3852.92860200,0
1507323986,22882427,0.23298,7094.26990000,0
1507323985,22882425,0.23305,6334.32394000,1
1507323985,22882424,0.23308,10750.51200000,1
1507323985,22882423,0.23309,3658.08416000,1
1507323958,22882402,0.23515,3630.48376981,0
1507323936,22882397,0.23513,586.91379000,0
1507323936,22882396,0.23513,2934.56893000,0
1507323884,22882382,0.23530,3005.86836128,0
1507323884,22882381,0.23510,1205.03888818,0
1507323883,22882380,0.23494,1049.09930000,0
1507323883,22882379,0.23488,730.11774000,0
1507323883,22882378,0.23488,3650.58871000,0
1507323883,22882377,0.23479,141.52373162,0
1507323881,22882376,0.23477,115.65770000,0
1507323876,22882375,0.23281,7520.32958089,1
1507323820,22882330,0.23200,549.63410345,1
1507323820,22882329,0.23200,86.20689655,1
1507323820,22882328,0.23279,964.15900000,1
1507323819,22882320,0.23150,351.59459522,1
1507323818,22882319,0.23150,438.40540478,0
1507323818,22882316,0.23150,1322.10655700,0
1507323818,22882315,0.23150,500.00000000,0
1507323818,22882314,0.23150,1919.60583069,0
1507323818,22882311,0.23150,158.06335199,0
1507323818,22882309,0.23150,234.48500000,0
1507323817,22882306,0.23160,700.00000000,1
1507323817,22882300,0.23180,700.00000000,1
1507323817,22882299,0.23180,135.68365650,0
1507323817,22882298,0.23180,1152.16216082,0
1507323816,22882296,0.23200,3602.11787300,0
1507323816,22882293,0.23190,578.00000000,0
1507323816,22882286,0.23200,4180.11787000,0
1507323816,22882285,0.23261,115.65770000,1
1507323815,22882284,0.23200,4180.11787326,0
1507323814,22882283,0.23200,140.71037888,0
1507323814,22882282,0.23200,56426.90600000,0
1507323814,22882281,0.23200,3172.98510000,0
1507323813,22882280,0.23200,4460.21285786,1
1507323813,22882279,0.23200,700.00000000,1
1507323813,22882278,0.23203,1000.00000000,1
1507323813,22882277,0.23220,700.00000000,1
1507323813,22882276,0.23240,700.00000000,1
1507323813,22882275,0.23250,907.00000000,1
1507323813,22882274,0.23260,700.00000000,1
1507323813,22882273,0.23280,700.00000000,1
1507323813,22882272,0.23281,1256.65701000,1
1507323813,22882271,0.23296,270.00000000,1
1507323812,22882270,0.23300,700.00000000,1
1507323812,22882268,0.23310,1000.00000000,1
1507323812,22882267,0.23320,700.00000000,1
1507323812,22882265,0.23330,16556.00000000,1
1507323812,22882264,0.23340,700.00000000,1
1507323812,22882263,0.23354,6267.29478000,1
1507323812,22882262,0.23354,6249.71600000,1
1507323812,22882261,0.23360,700.00000000,1
1507323579,22882187,0.23479,1933.06925338,0
1507323536,22882131,0.23360,7863.32772100,0
1507323535,22882130,0.23360,5411.35202600,0
1507323535,22882129,0.23395,18599.11600000,1
1507323535,22882128,0.23396,7259.98400000,0
1507323534,22882127,0.23396,184.00000000,0
1507323534,22882126,0.23396,19007.33600000,0
1507323533,22882125,0.23396,2622.33773000,1
1507323530,22882124,0.23479,68.80226100,0
1507323529,22882123,0.23477,115.19700000,0
1507323455,22882092,0.23430,2679.12733900,0
1507323455,22882091,0.23430,1600.87266100,0
1507323409,22882064,0.23479,183.99815400,0
1507323374,22882058,0.23489,1133.22339000,1
1507323374,22882057,0.23489,1774.56449000,1
1507323361,22882049,0.23489,875.52961000,1
1507323356,22882046,0.23481,2500.00000000,0
1507323356,22882045,0.23480,167.91449501,0
1507323356,22882044,0.23480,2873.63550000,0
1507323354,22882042,0.23480,205.27049799,0
1507323352,22882039,0.23480,128.70911700,0
1507323342,22882029,0.23480,2500.00000000,1
1507323333,22882012,0.23401,1000.00000000,1
1507323333,22882009,0.23381,1145.40040010,0
1507323333,22882008,0.23360,2310.56194891,0
1507323332,22882007,0.23364,100.00000000,1
1507323332,22882006,0.23370,6532.00000000,1
1507323332,22882005,0.23371,200.00000000,1
1507323331,22882004,0.23380,700.00000000,1
1507323331,22882003,0.23380,6575.27288200,0
1507323331,22882002,0.23381,67.59189000,1
1507323330,22882001,0.23389,61.96398000,1
1507323330,22882000,0.23400,777.66712164,1
1507323330,22881999,0.23400,8812.43175000,1
1507323330,22881998,0.23400,444.90000000,1
1507323330,22881997,0.23400,3378.67521367,1
1507323330,22881996,0.23400,2038.93521378,1
1507323329,22881995,0.23400,2835.60000000,1
1507323329,22881994,0.23400,4230.00000000,1
1507323329,22881993,0.23400,700.00000000,1
1507323328,22881992,0.23401,5000.00000000,1
1507323328,22881991,0.23407,400.00000000,1
1507323328,22881990,0.23410,250.00000000,1
1507323328,22881989,0.23420,700.00000000,1
1507323327,22881988,0.23440,700.00000000,1
1507323327,22881987,0.23460,700.00000000,1
1507323327,22881986,0.23480,700.00000000,1
1507323325,22881984,0.23481,2500.00000000,1
1507323314,22881971,0.23490,300.00000000,1
1507323282,22881946,0.23500,700.00000000,1
1507323282,22881945,0.23500,793.05834911,1
1507323264,22881933,0.23500,87321.67622708,1
1507323264,22881932,0.23500,10049.58548849,1
1507323264,22881931,0.23501,1000.00000000,1
1507323264,22881930,0.23510,1628.73828443,1
1507323263,22881927,0.23510,2309.55971100,1
1507323261,22881924,0.23510,1242.14417566,1
1507323260,22881922,0.23510,1067.41553534,1
1507323211,22881892,0.23510,4518.70378240,1
1507323201,22881880,0.23510,5448.21658498,1
1507323114,22881856,0.23510,2168.35129621,1
1507323112,22881845,0.23510,6730.87403314,1
1507323091,22881833,0.23530,200.00000000,0
1507323005,22881809,0.23511,99.51021687,1
1507322978,22881802,0.23511,2499.99995747,1
1507322953,22881792,0.23530,3104.44999200,0
1507322935,22881785,0.23530,2300.00000000,0
1507322934,22881784,0.23530,2196.71036800,0
1507322926,22881781,0.23510,66.43876793,0
1507322922,22881780,0.23510,834.56123207,0
1507322922,22881779,0.23510,99.99991493,0
1507322896,22881772,0.23500,7.69976191,1
1507322896,22881771,0.23500,3000.00000000,1
1507322896,22881770,0.23500,2000.00000000,1
1507322896,22881769,0.23500,2287.86423809,1
1507322895,22881767,0.23508,2500.00000000,1
1507322888,22881756,0.23510,0.00008507,1
1507322861,22881695,0.23510,249.99991493,1
1507322860,22881694,0.23530,2000.00000000,0
1507322860,22881693,0.23530,184.00000000,0
1507322855,22881673,0.23530,184.00000000,0
1507322854,22881669,0.23530,234.20863700,0
1507322824,22881625,0.23531,400.00000000,1
1507322824,22881624,0.23539,772.56063909,1
1507322794,22881606,0.23539,478.00000000,1
1507322787,22881602,0.23539,387.21967324,0
1507322787,22881601,0.23539,362.21968767,0
1507322767,22881582,0.23538,853.68332059,1
1507322766,22881581,0.23539,25.00001233,1
1507322764,22881578,0.23539,362.21968767,1
1507322753,22881572,0.23539,2112.78030000,1
1507322740,22881565,0.23550,901.78030000,1
1507322727,22881554,0.23550,3169.21970000,1
1507322714,22881544,0.23539,312.75793000,1
1507322701,22881532,0.23546,2500.00000000,1
1507322642,22881492,0.23546,250.00000000,1
1507322612,22881479,0.23542,486.95687300,1
1507322554,22881461,0.23639,114.96759592,1
1507322554,22881460,0.23639,270.00000000,0
1507322522,22881453,0.23539,78.00000000,1
1507322522,22881452,0.23539,270.00000000,1
1507322435,22881419,0.23538,200.00000000,1
1507322424,22881416,0.23642,94.00000000,1
1507322422,22881415,0.23590,106.00000000,0
1507322406,22881394,0.23532,373.26848000,1
1507322402,22881393,0.23532,1594.08713000,1
1507322402,22881392,0.23532,2313.76587000,0
1507322400,22881391,0.23593,115.19700000,1
1507322359,22881385,0.23610,250.00000000,1
1507322311,22881365,0.23620,6208.54442900,1
1507322308,22881362,0.23620,3021.22088990,1
1507322260,22881346,0.23620,9616.00000000,1
1507322259,22881345,0.23621,532.00000000,1
1507322243,22881338,0.23620,736.05068110,1
1507322120,22881200,0.23650,45.00000000,1
1507321842,22881038,0.23650,170.87280000,0
1507321837,22881034,0.23650,846.86342494,0
1507321834,22881029,0.23650,175.54309525,0
1507321834,22881028,0.23650,199.12051708,0
1507321833,22881026,0.23621,2494.18683057,0
1507321832,22881023,0.23630,1983.32365104,0
1507321831,22881019,0.23630,1914.78329809,0
1507321831,22881016,0.23630,75.00000000,1
1507321795,22880999,0.23651,371.00000000,0
1507321763,22880988,0.23651,1396.00000000,0
1507321731,22880979,0.23651,1396.00000000,0
1507321724,22880978,0.23651,4738.92727355,0
1507321699,22880973,0.23651,317.81420600,0
1507321699,22880972,0.23636,106.00000000,0
1507321576,22880943,0.23620,25.00000000,1
1507321576,22880942,0.23621,2500.00000000,1
1507321572,22880940,0.23620,393.18400000,1
1507321515,22880917,0.23690,290.00000000,0
1507321513,22880914,0.23690,323.68293771,0
1507321447,22880872,0.23630,150.00000000,1
1507321275,22880804,0.23717,1932.03823198,0
1507321088,22880753,0.23750,2529.59178947,0
1507320920,22880712,0.23795,322.92453280,0
1507320872,22880688,0.23740,250.00000000,0
1507320825,22880674,0.23700,70.68330841,0
1507320787,22880660,0.23700,311.50522294,0
1507320733,22880614,0.23700,322.29459915,0
1507320676,22880597,0.23700,183.00000000,0
1507320576,22880581,0.23607,5000.00000000,1
1507320315,22880472,0.23701,278.09109200,0
1507320296,22880466,0.23514,1845.69253892,0
1507320296,22880464,0.23514,1957.87580825,0
1507320296,22880463,0.23514,5000.00000000,1
1507320296,22880462,0.23514,2500.00000000,1
1507320260,22880436,0.23501,10450.00000000,1
1507320260,22880435,0.23501,53453.33545359,1
1507320260,22880434,0.23501,5646.66454641,1
1507320259,22880433,0.23501,5.11962717,1
1507320259,22880432,0.23640,494.88037283,1
1507320257,22880430,0.23561,1000.00000000,0
1507320257,22880429,0.23500,11303.56834717,0
1507320256,22880428,0.23501,5160.00000000,1
1507320256,22880427,0.23501,4363.55488200,0
1507320256,22880426,0.23502,5000.00000000,1
1507320256,22880424,0.23520,250.00000000,1
1507320255,22880423,0.23520,1500.00000000,1
1507320255,22880421,0.23520,700.00000000,1
1507320255,22880420,0.23520,934.86182459,0
1507320255,22880419,0.23528,200.00000000,1
1507320254,22880418,0.23540,505.00000000,1
1507320254,22880417,0.23540,700.00000000,1
1507320254,22880416,0.23550,2009.00000000,1
1507320254,22880415,0.23560,700.00000000,1
1507320254,22880414,0.23561,11000.00000000,1
1507320253,22880413,0.23561,884.29700000,0
1507320253,22880412,0.23570,16431.00000000,1
1507320253,22880411,0.23580,1000.00000000,1
1507320253,22880410,0.23580,700.00000000,1
1507320252,22880409,0.23580,4178.58756200,0
1507320252,22880408,0.23580,5006.96349400,0
1507320252,22880407,0.23580,2270.77200000,0
1507320252,22880403,0.23585,400.00000000,1
1507320252,22880399,0.23597,25.42696105,1
1507320251,22880396,0.23597,183.00000000,0
1507320251,22880392,0.23600,700.00000000,1
1507320251,22880391,0.23620,250.00000000,1
1507320251,22880390,0.23620,700.00000000,1
1507320250,22880389,0.23640,700.00000000,1
1507320250,22880388,0.23643,854.27707000,1
1507320250,22880387,0.23660,700.00000000,1
1507320249,22880386,0.23680,700.00000000,1
1507320249,22880385,0.23694,5030.00000000,1
1507320249,22880384,0.23700,7850.00000000,1
1507320249,22880383,0.23700,700.00000000,1
1507320249,22880382,0.23700,2629.79563919,1
1507320248,22880380,0.23701,4261.53622000,1
1507320248,22880379,0.23702,8998.35900000,1
1507320248,22880378,0.23705,250.00000000,1
1507320246,22880375,0.23706,270.00000000,1
1507320209,22880358,0.23800,20.98529412,0
1507320158,22880330,0.23800,322.72260504,0
1507320051,22880287,0.23808,57.00000000,0
1507320033,22880284,0.23700,18150.62004867,1
1507320031,22880281,0.23790,409.99802533,1
1507319997,22880244,0.23812,20.97471863,0
1507319947,22880216,0.23701,3862.14387097,1
1507319947,22880215,0.23720,8103.01336003,1
1507319947,22880214,0.23720,250.00000000,1
1507319946,22880208,0.23725,1054.00000000,1
1507319945,22880202,0.23809,37.00000000,0
1507319860,22880125,0.23799,20.98617589,0
1507319784,22880070,0.23719,3619.00000000,1
1507319783,22880069,0.23720,270.00000000,1
1507319748,22880057,0.23801,20.98441242,0
1507319549,22879967,0.23719,1562.00209727,1
1507319549,22879966,0.23719,3873.80376133,1
1507319266,22879894,0.23848,29.27935257,0
1507319251,22879890,0.23718,55.27198422,1
1507319251,22879889,0.23717,1496.14156177,0
1507319192,22879834,0.23717,493.85843823,0
1507319192,22879832,0.23717,270.00000000,0
1507319188,22879831,0.23717,240.00000000,1
1507319175,22879823,0.23717,30.00000000,1
1507318957,22879723,0.23834,20.95535789,0
1507318875,22879705,0.23801,2209.22190300,0
1507318777,22879666,0.23833,20.95623715,0
1507318668,22879604,0.23728,2261.00000000,1
1507318445,22879512,0.23830,20.95887537,0
1507318435,22879507,0.23833,20.95623715,0
1507318434,22879506,0.23719,244.00000000,1
1507318364,22879496,0.23719,25.00000000,1
1507318322,22879484,0.23842,25.00000000,0
1507318300,22879467,0.23853,975.00000000,0
1507318212,22879426,0.23701,530.00000000,1
1507318207,22879425,0.23701,1020.00000000,1
1507318207,22879424,0.23702,270.00000000,1
1507318166,22879410,0.23700,1594.01479500,1
1507318166,22879409,0.23701,811.75062000,1
1507318165,22879408,0.23740,5249.48029000,1
1507318165,22879407,0.23745,10000.00000000,1
1507318165,22879406,0.23746,4051.20889000,1
1507318164,22879405,0.23760,5099.00000000,1
1507318087,22879380,0.23748,900.00000000,1
1507318086,22879379,0.23748,985.89739905,1
1507317989,22879365,0.23753,25.00000000,1
1507317964,22879352,0.23751,30.00000000,1
1507317924,22879341,0.23800,791.25481377,0
1507317920,22879340,0.23800,25.00000000,0
1507317901,22879329,0.23800,443.74518623,0
1507317248,22878795,0.23920,41.53334448,0
1507316987,22878693,0.23936,20.83694017,0
1507316805,22878648,0.23931,20.87041912,0
1507316730,22878628,0.23880,1214.00000000,1
1507316682,22878614,0.23880,1214.00000000,1
1507316629,22878595,0.23835,25.00000000,1
1507316610,22878590,0.23936,1926.84333221,0
1507316608,22878588,0.23880,157.21897938,0
1507316563,22878578,0.23880,4796.86602900,0
1507316551,22878576,0.23880,25.00000000,0
1507316500,22878563,0.23880,20.91499162,0
1507316496,22878560,0.23838,270.00000000,1
1507316491,22878559,0.23915,20.88438219,0
1507316456,22878541,0.23813,31.49500000,1
1507316455,22878540,0.23814,7273.97900000,1
1507316455,22878539,0.23817,5000.00000000,1
1507316455,22878538,0.23817,5000.00000000,1
1507316455,22878537,0.23830,9960.52600000,1
1507316455,22878536,0.23831,2500.00000000,1
1507316455,22878535,0.23837,270.00000000,1
1507316377,22878526,0.23934,207.04696674,0
1507316334,22878518,0.23936,20.86605949,0
1507316245,22878454,0.23816,2480.00000000,1
1507316245,22878453,0.23816,270.00000000,1
1507316108,22878419,0.23936,208.36944352,0
1507315907,22878330,0.23934,20.86780313,0
1507315901,22878326,0.23800,2432.38218748,0
1507315901,22878325,0.23800,10000.00000000,0
1507315901,22878324,0.23800,10000.00000000,0
1507315901,22878323,0.23800,10000.00000000,0
1507315901,22878322,0.23800,10000.00000000,0
1507315900,22878321,0.23800,3480.62561156,0
1507315900,22878318,0.23800,2681.99832700,0
1507315900,22878317,0.23800,1272.76657300,0
1507315898,22878315,0.23800,2456.96470300,0
1507315898,22878314,0.23800,14422.81320400,0
1507315898,22878313,0.23800,1272.80876600,0
1507315895,22878311,0.23807,6570.97582178,1
1507315895,22878310,0.23810,21594.33000000,1
1507315895,22878309,0.23899,3814.33480618,1
1507315891,22878308,0.23935,101.77188218,0
1507315887,22878307,0.23899,3000.00000000,1
1507315881,22878303,0.23919,379.50190225,0
1507315871,22878300,0.23919,20.88088967,0
1507315843,22878284,0.23899,139.11486700,1
1507315816,22878264,0.23899,243.22199300,1
1507315792,22878249,0.23935,707.17747326,0
1507315723,22878220,0.23936,20.86605949,0
1507315429,22878040,0.23899,1038.64365000,1
1507315415,22878027,0.23899,3887.33439000,1
1507315358,22877963,0.23929,208.37391604,0
1507315356,22877961,0.23921,3643.41417000,0
1507315332,22877952,0.23899,1465.74549200,1
1507315296,22877936,0.23899,855.03145300,1
1507315295,22877935,0.23899,108.00000000,1
1507315282,22877932,0.23899,108.00000000,1
1507315265,22877928,0.23869,618.93477000,0
1507315244,22877922,0.23870,65.06523000,0
1507315143,22877884,0.23928,873.64033767,0
1507315142,22877883,0.23920,303.71316264,0
1507315141,22877882,0.23920,344.46875417,0
1507315133,22877870,0.23870,143.99275274,1
1507315131,22877865,0.23899,26.00724726,1
1507315101,22877853,0.23920,375.31588629,0
1507314742,22877709,0.23920,1611.21535954,0
1507314742,22877708,0.23900,378.78464046,0
1507314708,22877696,0.23900,100.31787000,0
1507314500,22877560,0.23900,20.89748954,0
1507314363,22877515,0.23870,6000.00000000,1
1507314330,22877492,0.23861,459.00000000,0
1507314180,22877437,0.23868,225.00000000,0
1507314107,22877374,0.23812,11149.48002000,1
1507314105,22877373,0.23813,13263.51998000,1
1507313965,22877345,0.23898,125.22043686,0
1507313908,22877312,0.23808,3794.50000000,1
1507313874,22877293,0.23808,5948.92000000,1
1507313775,22877223,0.23925,308.18131400,0
1507313757,22877200,0.23929,30.00000000,1
1507313757,22877199,0.23929,170.00000000,0
1507313730,22877160,0.23929,100.00000000,0
1507313548,22877069,0.23936,830.00000000,0
1507313548,22877068,0.23935,270.00000000,0
1507313538,22877066,0.23936,805.15165441,0
1507313538,22877065,0.23936,70.00000000,0
1507313501,22877047,0.23936,200.00000000,0
1507313466,22877014,0.23937,791.77081506,0
1507313394,22876979,0.23936,3650.16993000,1
1507313392,22876976,0.23937,20.86518778,0
1507313387,22876971,0.23923,3078.00000000,1
1507313375,22876955,0.23923,3080.52614000,0
1507313338,22876887,0.23931,100.00000000,0
1507313280,22876880,0.23937,1158.04636800,0
1507312971,22876765,0.23937,7859.16596200,0
1507312918,22876740,0.23920,187.65794314,0
1507312916,22876739,0.23833,0.00000049,0
1507312895,22876722,0.23833,10102.41639200,0
1507312859,22876690,0.23833,819.93802000,0
1507312843,22876685,0.23786,2270.02156824,1
1507312843,22876684,0.23800,20000.00000000,1
1507312842,22876682,0.23807,2500.00000000,0
1507312841,22876681,0.23807,229.97843176,1
1507312818,22876654,0.23833,5231.41882000,0
1507312818,22876653,0.23819,523.73300000,0
1507312815,22876651,0.23819,160.26700000,0
1507312749,22876606,0.23833,0.02156824,0
1507312746,22876594,0.23833,229.97843176,0
1507312741,22876582,0.23833,270.00000000,1
1507312741,22876581,0.23834,2500.00000000,1
1507312740,22876580,0.23912,161.14779190,0
1507312710,22876513,0.23923,222.11741838,0
1507312666,22876490,0.23946,58.31905120,0
1507312625,22876461,0.23950,3016.57381892,0
1507312625,22876460,0.23949,27.57843108,0
1507312619,22876453,0.23700,2625.56951714,1
1507312619,22876452,0.23720,700.00000000,1
1507312619,22876451,0.23720,420.74367000,1
1507312619,22876450,0.23720,270.00000000,0
1507312618,22876449,0.23721,60.21108000,1
1507312618,22876448,0.23737,65.45285000,1
1507312618,22876446,0.23740,172.00000000,1
1507312618,22876445,0.23740,700.00000000,1
1507312617,22876443,0.23750,5755.87924800,1
1507312617,22876442,0.23750,3693.86733086,1
1507312617,22876441,0.23750,3036.27630400,0
1507312617,22876440,0.23751,5000.00000000,1
1507312615,22876438,0.23818,2500.00000000,1
1507312580,22876399,0.23975,376.86802920,0
1507312577,22876366,0.23750,780.45973836,1
1507312577,22876365,0.23760,700.00000000,1
1507312577,22876364,0.23777,1000.00000000,1
1507312577,22876363,0.23780,700.00000000,1
1507312576,22876362,0.23800,16693.99021008,1
1507312576,22876361,0.23800,403.97066172,1
1507312576,22876359,0.23802,1000.00000000,1
1507312575,22876357,0.23885,62.50520000,0
1507312575,22876354,0.23885,62.80090000,1
1507312575,22876353,0.23885,62.80090000,1
1507312575,22876352,0.23885,3533.47238984,1
1507312571,22876348,0.23885,500.00156500,1
1507312569,22876344,0.23885,15.72010000,1
1507312569,22876343,0.23885,62.80090000,1
1507312569,22876342,0.23893,270.00000000,1
1507312518,22876313,0.23998,1687.96037169,0
1507312516,22876312,0.23981,270.00000000,0
1507312455,22876294,0.23981,62.52080000,0
1507312419,22876277,0.23992,20.81735579,0
1507312414,22876276,0.23957,20.84776892,0
1507312199,22876178,0.23885,213.44084241,1
1507312128,22876161,0.23883,30.00000000,1
1507312122,22876157,0.23877,68.00000000,1
1507312122,22876156,0.23879,270.00000000,1
1507312078,22876113,0.23817,270.00000000,1
1507312035,22876056,0.23922,2.69590000,0
1507312035,22876055,0.23921,60.00000000,0
1507311985,22875999,0.23925,20.87565308,0
1507311977,22875995,0.23816,135.38678468,1
1507311975,22875993,0.23817,113.64290000,1
1507311959,22875977,0.23816,993.55079176,1
1507311959,22875976,0.23816,10000.00000000,1
1507311959,22875975,0.23817,10000.00000000,1
1507311959,22875974,0.23817,10000.00000000,1
1507311959,22875972,0.23817,10000.00000000,1
1507311959,22875971,0.23817,10000.00000000,1
1507311959,22875970,0.23818,4372.89633000,1
1507311959,22875969,0.23819,2500.00000000,1
1507311958,22875968,0.23820,62.97230000,1
1507311958,22875967,0.23821,270.00000000,1
1507311870,22875856,0.23820,5879.21849200,0
1507311870,22875854,0.23822,62.96700000,1
1507311834,22875786,0.23822,217.99850029,1
1507311798,22875745,0.23800,404.17263023,0
1507311797,22875739,0.23800,1873.06884500,0
1507311795,22875735,0.23800,10691.09800000,0
1507311795,22875734,0.23800,62.76150000,0
1507311795,22875733,0.23800,290.00000000,1
1507311795,22875732,0.23800,700.00000000,1
1507311795,22875731,0.23800,1158.70000000,1
1507311795,22875730,0.23801,200.00000000,1
1507311795,22875729,0.23811,700.39659939,1
1507311795,22875728,0.23850,840.00000000,1
1507311777,22875678,0.23900,105000.00000000,1
1507311776,22875676,0.23900,6000.00000000,1
1507311776,22875675,0.23900,525.00000000,1
1507311776,22875674,0.23905,17000.00000000,1
1507311776,22875672,0.23927,62.69070000,1
1507311776,22875671,0.23927,62.69070000,1
1507311776,22875670,0.23927,15259.24687591,1
1507311776,22875668,0.23927,62.69070000,1
1507311776,22875667,0.23927,13067.61576528,1
1507311776,22875666,0.23928,62.68810000,1
1507311776,22875665,0.23948,900.16223045,1
1507311775,22875664,0.23990,9210.63215500,1
1507311775,22875662,0.23990,972.90661500,1
1507311774,22875661,0.23990,900.16223000,1
1507311774,22875660,0.23990,156.29900000,1
1507311773,22875653,0.23973,760.00000000,0
1507311769,22875648,0.23948,9366.93115500,1
1507311765,22875647,0.23948,837.52913000,1
1507311765,22875646,0.23949,62.63310000,1
1507311699,22875517,0.23949,2541.22518636,1
1507311612,22875479,0.23928,208.31190000,1
1507311612,22875478,0.23928,62.68810000,1
1507311513,22875400,0.24072,9972.60015785,1
1507311511,22875398,0.24070,2874.83799000,0
1507311482,22875368,0.23928,192.34864600,1
1507311466,22875350,0.24098,30.00000000,0
1507311445,22875327,0.23928,2699.77400000,1
1507311441,22875319,0.24111,30.00000000,0
1507311439,22875317,0.24112,8545.59899000,1
1507311438,22875314,0.24112,13034.40101000,0
1507311404,22875242,0.23927,10885.32034983,1
1507311404,22875240,0.23927,62.69070000,1
1507311404,22875237,0.23927,22035.49337167,1
1507311404,22875235,0.23928,4167.90000000,1
1507311404,22875234,0.23928,953.00000000,1
1507311394,22875206,0.24016,884.06199700,1
1507311392,22875197,0.24017,1879.19394500,1
1507311367,22875117,0.24147,730.27670000,1
1507311367,22875116,0.24144,111.72330000,0
1507311276,22875070,0.23927,6641.00000000,0
1507311275,22875068,0.23930,8064.00000000,1
1507311275,22875067,0.23960,270.00000000,0
1507311275,22875066,0.23960,1000.00000000,0
1507311275,22875065,0.23960,1000.00000000,0
1507311275,22875064,0.23960,1000.00000000,0
1507311274,22875063,0.23961,2500.00000000,1
1507311272,22875062,0.23995,1377.00000000,1
1507311180,22875040,0.24231,20.61032476,0
1507311177,22875039,0.23928,110.26670000,1
1507311177,22875038,0.23928,111.72330000,1
1507311172,22875035,0.24235,6395.13340210,1
1507311172,22875034,0.24230,169.00000000,0
1507311172,22875033,0.24198,5600.00000000,0
1507311171,22875032,0.24197,981.85000000,0
1507311171,22875031,0.24185,291.83599000,0
1507311171,22875030,0.24150,2639.97790008,0
1507311171,22875029,0.24150,8730.39043210,0
1507311169,22875027,0.24150,1269.60956790,0
1507311169,22875026,0.24149,985.17225000,0
1507311168,22875025,0.24135,376.68149000,0
1507311168,22875024,0.24100,10049.58548849,0
1507311168,22875023,0.24100,380.00000000,0
1507311168,22875022,0.24100,3865.11945773,0
1507311166,22875021,0.24091,4925.86127000,0
1507311113,22874948,0.23927,20149.82936005,1
1507311113,22874947,0.23928,1787.18686000,1
1507311113,22874946,0.23954,8933.62898000,1
1507311113,22874945,0.23969,6251.89400000,1
1507311113,22874944,0.23971,6634.25300000,1
1507311113,22874943,0.23972,9749.94214000,1
1507311112,22874942,0.24040,215.11480000,1
1507311052,22874912,0.24097,922.74418114,0
1507310892,22874814,0.24094,20.72922719,0
1507310887,22874812,0.24000,1014.19802493,0
1507310886,22874810,0.24000,100.00000000,1
1507310886,22874809,0.24001,270.00000000,1
1507310885,22874808,0.24094,20.72922719,0
1507310761,22874776,0.23976,3741.00000000,1
1507310761,22874775,0.23976,2500.00000000,0
1507310761,22874773,0.23977,5000.00000000,1
1507310759,22874769,0.24013,270.00000000,1
1507310759,22874768,0.24017,2500.00000000,1
1507310691,22874753,0.24098,7679.30388414,0
1507310668,22874746,0.24098,20.72578637,0
1507310643,22874735,0.24095,1126.04976136,0
1507310627,22874721,0.23971,338.00000000,1
1507310593,22874708,0.23996,68.00000000,0
1507310592,22874707,0.24016,270.00000000,1
1507310563,22874696,0.24015,700.00000000,1
1507310555,22874692,0.23990,456.00000000,0
1507310544,22874689,0.24016,270.00000000,1
1507310448,22874662,0.24000,415.65986024,0
1507310448,22874660,0.24000,480.42041479,0
1507310445,22874657,0.24000,2569.76415179,0
1507310445,22874656,0.23977,279.57958521,0
1507310444,22874653,0.23977,480.42041479,0
1507310440,22874595,0.24000,852.00000000,1
1507310435,22874580,0.24001,1165.00000000,1
1507310412,22874576,0.24000,472.00000000,1
1507310163,22874515,0.24087,1219.02791221,0
1507310148,22874508,0.24090,0.34401540,1
1507310121,22874499,0.24090,3115.00000000,1
1507310116,22874496,0.24083,3614.64969000,0
1507310116,22874495,0.24083,270.00000000,0
1507309979,22874454,0.23950,2639.97790008,1
1507309979,22874453,0.23955,1998.65526000,1
1507309979,22874452,0.23955,9996.06705000,1
1507309979,22874451,0.23956,12013.09974000,1
1507309979,22874450,0.24034,3000.00000000,1
1507309978,22874449,0.24034,388.20004992,1
1507309874,22874380,0.24100,20.72406639,0
1507309856,22874362,0.24038,1000.00000000,1
1507309685,22874231,0.24100,488.85749000,0
1507309516,22874162,0.24100,2620.53003100,0
1507309516,22874161,0.24085,266.25686000,0
1507309490,22874151,0.24040,261.51173000,1
1507309461,22874148,0.24035,100.00000000,1
1507309449,22874140,0.24049,100.32300000,1
1507309440,22874138,0.24100,977.45412000,0
1507309408,22874128,0.24100,6923.69922400,0
1507309347,22874110,0.24081,2168.00000000,1
1507309325,22874103,0.24100,868.59056200,0
1507309307,22874099,0.24091,472.00000000,1
1507309285,22874095,0.24040,3118.32585443,0
1507309283,22874094,0.24040,2500.00000000,0
1507309272,22874079,0.24100,5965.51934300,0
1507309271,22874077,0.24099,2211.79201000,0
1507309250,22874054,0.24100,7841.96730000,0
1507309250,22874053,0.24099,2627.87170000,0
1507309250,22874052,0.24088,2500.00000000,0
1507309249,22874049,0.24088,2500.00000000,1
1507309206,22874034,0.24078,760.00000000,0
1507309205,22874032,0.24057,3166.00000000,1
1507309200,22874026,0.24055,484.03046000,1
1507309200,22874024,0.24055,361.80140000,1
1507309185,22874013,0.24050,7288.14000000,0
1507309174,22874012,0.24100,123.08247700,0
1507309157,22874004,0.24085,2500.00000000,1
1507309156,22874003,0.24100,323.10422700,0
1507309142,22873997,0.24100,1126.64394191,0
1507309140,22873996,0.24081,5988.40364800,0
1507309140,22873994,0.24081,10000.00000000,0
1507309092,22873976,0.24042,339.05863270,1
1507309088,22873975,0.24081,1943.59635200,0
1507309087,22873974,0.24041,341.33995225,1
1507309082,22873972,0.24035,268.09487958,1
1507308822,22873799,0.24100,378.05896266,0
1507308777,22873782,0.24100,12224.98743888,0
1507308776,22873780,0.24099,2297.99171000,0
1507308729,22873763,0.24100,7179.26214864,0
1507308729,22873761,0.24100,310.06916000,0
1507308729,22873760,0.24100,15717.92089053,0
1507308729,22873759,0.24097,404.00000000,0
1507308729,22873758,0.24091,2730.28717000,0
1507308727,22873756,0.24090,12571.62913000,0
1507308685,22873745,0.24034,1240.00000000,1
1507308685,22873744,0.24035,2500.00000000,1
1507308661,22873737,0.24034,112.55910000,1
1507308659,22873736,0.24000,1820.00000000,0
1507308587,22873700,0.24022,969.00000000,1
1507308583,22873699,0.24022,8249.00000000,1
1507308582,22873698,0.24022,10000.00000000,1
1507308582,22873697,0.24022,1751.00000000,1
1507308580,22873694,0.24022,713.00000000,1
1507308577,22873693,0.24022,7536.00000000,1
1507308577,22873692,0.24022,10000.00000000,1
1507308577,22873691,0.24022,10000.00000000,1
1507308577,22873690,0.24023,2500.00000000,1
1507308528,22873679,0.23964,270.00000000,1
1507308506,22873664,0.23964,270.00000000,1
1507308484,22873641,0.23963,7589.00000000,1
1507308483,22873639,0.23964,2410.00000000,1
1507308483,22873636,0.23964,90.00000000,1
1507308483,22873634,0.23965,270.00000000,1
1507308469,22873620,0.23900,6086.89430300,0
1507308469,22873619,0.23900,3580.39669700,0
1507308467,22873618,0.23920,62.70900000,1
1507308467,22873617,0.23921,270.00000000,1
1507308443,22873606,0.23921,270.00000000,1
1507308420,22873598,0.23920,270.00000000,1
1507308397,22873594,0.23918,459.44090000,1
1507308397,22873593,0.23918,112.55910000,1
1507308397,22873592,0.23920,2500.00000000,1
1507308374,22873585,0.23914,1088.00000000,1
1507308334,22873570,0.23907,270.00000000,1
1507308318,22873563,0.24100,17693.13352697,0
1507308318,22873562,0.24097,459.15677000,0
1507308318,22873561,0.24097,270.00000000,1
1507308317,22873560,0.24020,8626.30000000,0
1507308317,22873559,0.24016,2295.78385000,0
1507308317,22873558,0.24000,62.81140000,0
1507308316,22873557,0.24000,62.76150000,0
1507308316,22873556,0.24000,62.66190000,0
1507308316,22873555,0.24000,62.76150000,0
1507308316,22873554,0.24000,62.76150000,0
1507308316,22873553,0.24000,62.76150000,0
1507308316,22873552,0.24000,62.76150000,0
1507308316,22873551,0.24000,62.62000000,0
1507308316,22873550,0.24000,62.86150000,0
1507308315,22873549,0.23950,500.00000000,0
1507308312,22873548,0.23905,2500.00000000,1
1507308289,22873514,0.23901,1600.00000000,1
1507308284,22873510,0.23900,8399.57407567,0
1507308281,22873503,0.23900,11139.85113800,0
1507308279,22873501,0.23900,6454.64183100,0
1507308275,22873497,0.23900,3548.91261500,0
1507308275,22873496,0.23899,2727.66397000,0
1507308269,22873494,0.23899,1231.85749100,0
1507308268,22873493,0.23899,891.14000000,0
1507308267,22873492,0.23857,1666.41190000,1
1507308267,22873491,0.23858,2500.00000000,1
1507308267,22873490,0.23892,33.58810000,1
1507308258,22873480,0.23841,33.58809359,0
1507308256,22873479,0.23881,62.81140000,1
1507308256,22873478,0.23881,0.24402493,1
1507308255,22873477,0.23900,62.76150000,0
1507308253,22873475,0.23900,841.54504033,0
1507308251,22873474,0.23899,3640.16465000,0
1507308241,22873461,0.23900,675.05190000,0
1507308241,22873460,0.23899,4324.94810000,0
1507308224,22873450,0.23938,62.66190000,1
1507308224,22873449,0.23938,125.00000000,1
1507308184,22873395,0.23938,700.00000000,1
1507308173,22873388,0.23992,380.01025342,0
1507308092,22873361,0.23881,981.00000000,1
1507308054,22873350,0.23938,486.96953128,0
1507308045,22873342,0.23881,18.75597507,0
1507308024,22873323,0.23852,4684.87504000,1
1507308024,22873322,0.23853,12951.26496000,1
1507308024,22873321,0.23854,12399.86000000,1
1507308014,22873309,0.23881,62.76150000,0
1507307988,22873291,0.23900,62.76150000,1
1507307988,22873290,0.23900,62.76150000,1
1507307988,22873289,0.23900,62.76150000,1
1507307988,22873288,0.23900,0.19802493,1
1507307780,22873134,0.23900,1384.00000000,1
1507307780,22873133,0.23940,7767.85334168,1
1507307779,22873130,0.23936,12870.79486000,1
1507307778,22873129,0.23936,8948.51568600,0
1507307775,22873126,0.23937,62.62000000,0
1507307745,22873078,0.23954,100.00000000,0
1507307683,22873015,0.23840,2730.00000000,1
1507307681,22873010,0.23841,270.00000000,1
1507307676,22872993,0.23985,1145.40040015,0
1507307671,22872972,0.23840,1862.58420535,1
1507307656,22872925,0.23862,62.86150000,1
1507307656,22872924,0.23862,5074.55429465,1
1507307628,22872868,0.23862,5096.98226100,1
1507307628,22872867,0.23862,13778.55299800,1
1507307628,22872866,0.23862,7074.28851100,1
1507307628,22872865,0.23862,16299.00000000,1
1507307627,22872862,0.23862,7258.65654800,1
1507307627,22872860,0.23889,2754.14018000,1
1507307626,22872854,0.23862,8780.00000000,1
1507307626,22872853,0.23862,1122.40000000,1
1507307626,22872851,0.23862,1062.20000000,1
1507307625,22872844,0.23862,18203.89727600,1
1507307625,22872842,0.23888,5332.10272900,1
1507307624,22872834,0.23888,2970.62981200,1
1507307624,22872829,0.23888,1697.26745900,1
1507307624,22872826,0.23899,10000.00000000,1
1507307624,22872824,0.23900,3951.58490500,1
1507307623,22872815,0.23900,1822.41041900,1
1507307623,22872814,0.23900,2813.74777600,1
1507307623,22872813,0.23902,270.00000000,1
1507307514,22872533,0.24048,2737.25690000,1
1507307512,22872532,0.24000,62.74310000,0
1507307485,22872498,0.23900,1412.25690000,1
1507307485,22872497,0.23901,2500.00000000,1
1507307485,22872496,0.23907,62.74310000,1
1507307485,22872495,0.23908,270.00000000,1
1507307425,22872394,0.23907,2863.65915000,1
1507307423,22872391,0.23907,6525.14324000,1
1507307423,22872390,0.23908,2863.65915000,1
1507307421,22872388,0.23920,10000.00000000,1
1507307419,22872386,0.23922,2000.00000000,1
1507307243,22872270,0.24062,159.00000000,0
1507307242,22872269,0.24061,60.00000000,0
1507307194,22872198,0.24068,3761.22610935,0
1507307192,22872192,0.24003,270.00000000,0
1507307044,22872001,0.23921,1954.00000000,1
1507307041,22871995,0.23921,2730.00000000,1
1507307041,22871994,0.23921,270.00000000,1
1507306993,22871983,0.24017,3396.47033351,0
1507306992,22871982,0.24016,7787.36677700,1
1507306992,22871981,0.24000,62.68280000,0
1507306992,22871980,0.23999,270.00000000,0
1507306991,22871979,0.23970,702.00000000,0
1507306972,22871971,0.23930,1664.71440510,0
1507306971,22871970,0.23930,62.68280000,1
1507306929,22871912,0.23930,13587.58321800,1
1507306928,22871911,0.23932,9967.21533000,1
1507306928,22871910,0.23940,23278.14069200,1
1507306923,22871899,0.23974,269.00000000,0
1507306877,22871861,0.23940,8672.95930800,1
1507306873,22871860,0.23940,3881.00000000,1
1507306862,22871856,0.23947,1776.00000000,0
1507306847,22871841,0.23940,10000.00000000,1
1507306846,22871838,0.23940,4167.90000000,1
1507306809,22871790,0.23931,1625.75756100,1
1507306807,22871787,0.23931,3000.00000000,1
1507306802,22871782,0.23930,1344.88005200,1
1507306799,22871779,0.23930,3000.00000000,1
1507306772,22871736,0.24000,1973.33333300,1
1507306718,22871637,0.24000,64.00000000,0
1507306621,22871477,0.24017,158.23763005,0
1507306571,22871406,0.24000,193.65142025,1
1507306570,22871405,0.24000,0.00000500,0
1507306488,22871234,0.24000,62.55209500,0
1507306488,22871233,0.23980,0.00000500,0
1507306488,22871232,0.23979,270.00000000,0
1507306476,22871196,0.23901,1000.00000000,1
1507306335,22871090,0.23979,62.55210000,0
1507306317,22871077,0.23980,1082.99787100,0
1507306273,22871046,0.24000,1553.00212400,1
1507306270,22871043,0.24000,3615.24575200,1
1507306264,22871032,0.24000,1553.00212400,1
1507306255,22871014,0.24000,270.00000000,1
1507306251,22871000,0.24000,0.59081087,1
1507306250,22870999,0.24000,1002.82865880,1
1507306250,22870998,0.24000,628.17134120,1
1507306247,22870991,0.24000,78.63007600,1
1507306242,22870977,0.24000,4000.00000000,1
1507306230,22870855,0.24000,1150.77301480,1
1507306192,22870764,0.24000,4250.00000000,1
1507306183,22870747,0.24000,4061.29653600,1
1507306182,22870744,0.24000,1456.07481700,1
1507306180,22870736,0.24000,4090.75868900,1
1507306179,22870727,0.24000,10552.71777600,1
1507306171,22870709,0.24000,1881.57775000,1
1507306153,22870690,0.24000,10000.00000000,1
1507306111,22870642,0.24079,98.28643216,0
1507306109,22870639,0.24077,8601.97158200,0
1507306091,22870621,0.24081,54.23340000,0
1507305986,22870549,0.24097,1035.40270573,1
1507305877,22870418,0.24007,1000.00000000,0
1507305842,22870319,0.24002,1804.91305210,1
1507305842,22870318,0.24020,169.00000000,1
1507305842,22870316,0.24058,58.93894000,1
1507305840,22870314,0.24090,967.14800790,1
1507305837,22870309,0.24090,1000.00000000,1
1507305835,22870301,0.24100,1121.91401586,0
1507305834,22870295,0.24100,132.41409219,0
1507305834,22870293,0.24100,1122.16312244,0
1507305833,22870287,0.24100,1453.67552738,0
1507305833,22870285,0.24100,1546.03529000,0
1507305833,22870282,0.24100,1862.69195019,0
1507305832,22870280,0.24100,137.97722165,0
1507305832,22870276,0.24100,1266.95271415,0
1507305829,22870269,0.24090,232.57727000,1
1507305829,22870268,0.24099,767.42273000,1
1507305828,22870267,0.24100,1042.49095000,0
1507305821,22870249,0.24100,1027.00000000,0
1507305809,22870232,0.24100,156.88518672,0
1507305803,22870210,0.24100,9958.50622407,0
1507305802,22870207,0.24100,1916.96755054,0
1507305778,22870192,0.24099,1687.17727000,1
1507305761,22870152,0.24100,1686.49133000,0
1507305761,22870151,0.24099,2032.21655000,0
1507305759,22870147,0.24090,2168.27472210,1
1507305737,22870088,0.24100,946.89739037,0
1507305721,22870061,0.24092,1400.00000000,1
1507305688,22870002,0.24100,153.57331950,0
1507305650,22869936,0.24100,18064.76626000,0
1507305636,22869917,0.24100,18308.38038000,0
1507305636,22869916,0.24099,1802.83058000,0
1507305630,22869899,0.24099,1139.74951900,0
1507305605,22869867,0.24095,971.00000000,0
1507305561,22869837,0.24100,2820.56079843,0
1507305557,22869824,0.24100,155.27646901,0
1507305557,22869823,0.24099,249.90753099,0
1507305553,22869799,0.24099,1225.13000000,0
1507305553,22869796,0.24099,1188.40831901,1
1507305552,22869788,0.24099,1632.26952000,0
1507305549,22869762,0.24099,1225.16000000,0
1507305527,22869722,0.24099,364.18300000,0
1507305526,22869721,0.24100,270.00000000,0
1507305525,22869720,0.24100,364.18300000,0
1507305523,22869713,0.24106,803.14279000,1
1507305523,22869712,0.24107,270.00000000,1
1507305474,22869658,0.24199,10503.72527790,0
1507305472,22869657,0.24198,3463.47543000,0
1507305461,22869654,0.24130,1000.00000000,1
1507305447,22869641,0.24130,7328.32135700,1
1507305425,22869633,0.24131,9058.00000000,1
1507305385,22869585,0.24234,1973.90000000,0
1507305384,22869583,0.24234,524.61000000,0
1507305381,22869578,0.24235,5914.32305000,0
1507305381,22869577,0.24234,2881.05685000,0
1507305381,22869576,0.24230,270.00000000,0
1507305312,22869505,0.24239,3505.40072659,1
1507305312,22869504,0.24239,1873.95459700,1
1507305312,22869502,0.24239,2154.08721500,1
1507305310,22869498,0.24237,8000.00000000,0
1507305310,22869497,0.24236,3423.03785000,0
1507305310,22869496,0.24234,2639.90235000,0
1507305287,22869427,0.24236,5143.02507837,0
1507305247,22869370,0.24237,4086.08042175,0
1507305245,22869368,0.24156,33.23000000,0
1507305234,22869363,0.24156,270.00000000,0
1507305231,22869360,0.24156,270.00000000,1
1507305200,22869303,0.24298,897.36031866,0
1507305149,22869182,0.24250,737.83918351,1
1507305140,22869160,0.24250,89086.20021000,1
1507305140,22869159,0.24251,10913.79979000,1
1507305047,22868970,0.24251,2736.75389000,1
1507305046,22868969,0.24252,5263.24611000,1
1507305040,22868959,0.24252,1014.00000000,1
1507305022,22868952,0.24256,270.00000000,1
1507304998,22868940,0.24255,270.00000000,1
1507304958,22868827,0.24258,4035.32999680,1
1507304956,22868820,0.24300,100.00000000,1
1507304916,22868788,0.24359,45.04519890,0
1507304899,22868783,0.24359,20.47510161,0
1507304865,22868755,0.24360,19037.41005747,0
1507304863,22868753,0.24344,270.00000000,0
1507304774,22868704,0.24255,470.00000000,1
1507304748,22868681,0.24252,1840.98364050,1
1507304747,22868680,0.24267,270.00000000,1
1507304591,22868559,0.24397,798.25388367,1
1507304591,22868558,0.24397,5156.12199990,1
1507304572,22868501,0.24398,30.00000000,0
1507304563,22868494,0.24397,181.00000000,1
1507304540,22868485,0.24397,2213.00000010,1
1507304519,22868428,0.24397,744.87800000,0
1507304497,22868403,0.24397,155.12200000,0
1507304410,22868316,0.24259,1883.00000000,1
1507304407,22868313,0.24327,2324.00000000,0
1507304400,22868303,0.24258,195.75447000,1
1507304377,22868289,0.24396,1793.34846100,0
1507304377,22868288,0.24363,365.28363000,0
1507304377,22868287,0.24350,200.00000000,0
1507304377,22868286,0.24344,200.00000000,0
1507304377,22868285,0.24343,270.00000000,0
1507304350,22868265,0.24348,7468.80900000,0
1507304350,22868264,0.24346,270.00000000,0
1507304325,22868248,0.24348,10005.90148016,0
1507304325,22868247,0.24347,3228.76536000,0
1507304325,22868246,0.24330,14291.00000000,0
1507304325,22868245,0.24313,334.31722000,0
1507304324,22868243,0.24299,4854.62521400,0
1507304233,22868206,0.24299,5751.28206613,0
1507304217,22868186,0.24251,3000.00000000,1
1507304067,22868085,0.24250,3000.00000000,1
1507303946,22868034,0.24250,520.85994590,1
1507303944,22868033,0.24251,5376.13423000,1
1507303931,22868024,0.24299,394.09271987,0
1507303890,22868004,0.24250,3027.63335000,1
1507303888,22868003,0.24243,12643.10426059,0
1507303888,22868002,0.24242,3027.63335000,0
1507303888,22868001,0.24242,12686.72970000,0
1507303888,22868000,0.24227,270.00000000,0
1507303844,22867982,0.24130,3871.52000000,0
1507303844,22867981,0.24130,10000.00000000,0
1507303844,22867980,0.24130,10000.00000000,0
1507303843,22867979,0.24130,10000.00000000,0
1507303843,22867978,0.24130,10000.00000000,0
1507303843,22867977,0.24130,10000.00000000,0
1507303842,22867975,0.24130,10000.00000000,0
1507303842,22867974,0.24130,10000.00000000,0
1507303840,22867973,0.24130,2114.50363200,0
1507303840,22867972,0.24130,802.97636800,0
1507303840,22867971,0.24130,2500.00000000,0
1507303838,22867970,0.24130,2500.00000000,0
1507303837,22867969,0.24140,15441.00000000,1
1507303837,22867968,0.24143,2500.00000000,1
1507303837,22867967,0.24150,270.00000000,1
1507303789,22867946,0.24242,87.79972000,1
1507303788,22867945,0.24242,270.00000000,0
1507303788,22867944,0.24142,13807.28939000,0
1507303787,22867943,0.24142,270.00000000,0
1507303787,22867942,0.24142,3152.71061000,0
1507303786,22867941,0.24153,2500.00000000,1
1507303786,22867940,0.24161,270.00000000,1
1507303728,22867921,0.24142,9626.15346000,1
1507303728,22867920,0.24150,115.84654000,1
1507303728,22867919,0.24156,270.00000000,1
1507303701,22867862,0.24200,1849.29143073,0
1507303695,22867861,0.24200,114.00000000,0
1507303685,22867857,0.24200,213.88583246,0
1507303669,22867853,0.24200,2467.55628700,0
1507303661,22867840,0.24200,2177.17726300,0
1507303660,22867839,0.24150,100.00000000,1
1507303651,22867833,0.24200,1876.08918681,0
1507303651,22867832,0.24189,300.00000000,0
1507303569,22867799,0.24243,1378.15270500,0
1507303529,22867779,0.24243,16016.10433600,0
1507303423,22867741,0.24243,257.98638782,0
1507303394,22867723,0.24243,928.93480000,0
1507303394,22867722,0.24270,0.71751059,1
1507303359,22867710,0.24270,2790.00000000,1
1507303343,22867702,0.24270,154.41800000,1
1507303341,22867700,0.24263,190.19813000,0
1507303341,22867699,0.24260,3000.00000000,0
1507303341,22867698,0.24243,12113.00000000,0
1507303340,22867697,0.24242,3422.86664000,0
1507303340,22867696,0.24241,9305.45945941,0
1507303340,22867695,0.24239,9223.34026000,0
1507303332,22867692,0.24239,195.47646355,0
1507303266,22867672,0.24246,1001.78487173,0
1507303205,22867645,0.24243,2128.24552215,1
1507303200,22867641,0.24243,1831.01847158,1
1507303200,22867640,0.24251,83.27755842,1
1507303140,22867616,0.24263,30.00000000,0
1507303103,22867604,0.24251,916.72244158,1
1507303099,22867602,0.24263,163.27755842,1
1507303079,22867595,0.24263,4198.06340800,1
1507303068,22867591,0.24263,663.10000000,1
1507303057,22867585,0.24263,500.24167300,1
1507303052,22867583,0.24263,124.99247200,1
1507303051,22867582,0.24263,589.38283600,1
1507303049,22867578,0.24263,618.28730200,1
1507303015,22867562,0.24347,1304.06008500,0
1507302991,22867546,0.24351,933.97158228,0
1507302986,22867543,0.24263,32696.00000000,1
1507302984,22867541,0.24271,270.00000000,1
1507302952,22867503,0.24364,817.66165500,0
1507302935,22867491,0.24268,1000.00000000,1
1507302904,22867468,0.24263,1422.71735755,1
1507302904,22867467,0.24264,4195.95928000,1
1507302904,22867466,0.24265,270.00000000,1
1507302893,22867442,0.24266,270.00000000,1
1507302870,22867407,0.24285,270.00000000,1
1507302865,22867404,0.24383,3554.49116089,1
1507302864,22867403,0.24383,4801.13136300,0
1507302844,22867398,0.24263,10572.12373000,1
1507302844,22867396,0.24264,4193.87627000,1
1507302842,22867395,0.24284,234.00000000,1
1507302787,22867367,0.24389,999.26622314,0
1507302717,22867315,0.24284,36.00000000,1
1507302711,22867308,0.24222,9305.45945941,1
1507302711,22867307,0.24239,10467.68600000,1
1507302711,22867306,0.24246,4737.24974000,1
1507302711,22867305,0.24247,12708.72564000,1
1507302711,22867304,0.24283,945.13977000,1
1507302706,22867298,0.24417,34.56390945,1
1507302705,22867293,0.24417,865.43609055,1
1507302692,22867288,0.24417,100.00000000,1
1507302622,22867253,0.24419,5360.02611253,0
1507302622,22867252,0.24418,23.53288000,0
1507302620,22867251,0.24417,4308.26459000,0
1507302551,22867157,0.24387,3000.00000000,0
1507302540,22867145,0.24398,1352.48701300,0
1507302527,22867137,0.24235,7500.00000000,1
1507302527,22867136,0.24238,2500.00000000,1
1507302502,22867118,0.24228,1163.00000000,1
1507302494,22867115,0.24400,22148.58137711,1
1507302493,22867114,0.24400,4925.47229400,1
1507302478,22867108,0.24400,52.32100000,1
1507302476,22867107,0.24400,200.00000000,1
1507302475,22867106,0.24410,20338.92161100,0
1507302475,22867105,0.24409,4824.29407400,0
1507302475,22867104,0.24409,64.64095000,0
1507302472,22867102,0.24400,1390.00000000,1
1507302465,22867091,0.24400,81.48842000,1
1507302452,22867081,0.24400,101.80962000,1
1507302449,22867079,0.24400,1163.00000000,1
1507302440,22867078,0.24400,200.00000000,1
1507302439,22867077,0.24400,127.19843000,1
1507302428,22867066,0.24400,2242.00000000,1
1507302426,22867063,0.24400,158.91858000,1
1507302426,22867062,0.24400,937.00000000,1
1507302419,22867056,0.24400,2398.88868403,1
1507302417,22867053,0.24400,2398.88868859,1
1507302413,22867047,0.24400,890.53244571,1
1507302409,22867044,0.24400,247.51103000,0
1507302409,22867043,0.24400,336.38943056,0
1507302359,22866990,0.24410,1496.81777959,0
1507302359,22866989,0.24409,196.33890000,1
1507302359,22866988,0.24409,4880.40255300,1
1507302358,22866985,0.24400,354.33793584,1
1507302357,22866984,0.24400,2286.87089928,0
1507302357,22866982,0.24400,7614.89737087,1
1507302355,22866978,0.24400,1065.49291593,1
1507302354,22866977,0.24400,1309.50000000,0
1507302354,22866976,0.24400,50.00000000,0
1507302354,22866975,0.24400,321.00000000,0
1507302354,22866974,0.24400,1000.00000000,0
1507302354,22866973,0.24400,700.00000000,0
1507302354,22866972,0.24400,637.11695000,0
1507302354,22866971,0.24400,58.51112000,0
1507302354,22866970,0.24399,5000.00000000,0
1507302353,22866969,0.24399,1412.01936993,0
1507302353,22866968,0.24398,48.47874000,0
1507302353,22866967,0.24382,206.83451000,0
1507302353,22866966,0.24380,700.00000000,0
1507302353,22866965,0.24366,10000.00000000,0
1507302353,22866963,0.24365,242.39371000,0
1507302353,22866961,0.24360,700.00000000,0
1507302353,22866959,0.24344,25.00000000,0
1507302353,22866958,0.24340,8389.40823105,0
1507302353,22866957,0.24340,700.00000000,0
1507302352,22866956,0.24335,5000.00000000,0
1507302352,22866955,0.24332,239.56854000,0
1507302352,22866954,0.24325,4579.77854222,0
1507302324,22866942,0.24325,420.22145778,0
1507302323,22866941,0.24320,400.45974122,0
1507302283,22866919,0.24320,299.54025878,0
1507302283,22866918,0.24300,744.36283984,0
1507302283,22866917,0.24300,1368.30508474,0
1507302283,22866916,0.24300,9996.26928764,0
1507302281,22866901,0.24300,299.54025924,0
1507302281,22866900,0.24299,642.85345076,0
1507302272,22866899,0.24299,357.14654924,0
1507302210,22866841,0.24200,21455.54042479,0
1507302210,22866840,0.24200,15775.30239700,0
1507302210,22866839,0.24200,15304.31784600,0
1507302210,22866838,0.24200,2396.60918200,0
1507302208,22866837,0.24250,47.38635061,1
1507302208,22866836,0.24282,45020.84379960,1
1507302207,22866834,0.24282,30.00000000,1
1507302163,22866827,0.24282,150.00000000,1
1507302149,22866818,0.24282,73.80808000,1
1507302136,22866810,0.24282,305.56917000,1
1507302123,22866804,0.24282,305.56917000,1
1507302110,22866799,0.24282,305.56917000,1
1507302107,22866797,0.24282,305.56917000,1
1507302073,22866785,0.24282,341.00000000,1
1507302042,22866779,0.24282,26.00000000,1
1507302034,22866776,0.24291,409.70396443,0
1507302000,22866756,0.24282,826.62316000,1
1507301998,22866755,0.24282,390.34571000,1
1507301977,22866743,0.24282,1344.58860600,1
1507301968,22866740,0.24282,903.65228700,1
1507301964,22866739,0.24282,388.25434000,1
1507301950,22866726,0.24282,485.07538000,1
1507301949,22866723,0.24282,2257.16469135,1
1507301946,22866718,0.24282,2810.62401218,1
1507301941,22866714,0.24282,650.00000000,1
1507301939,22866710,0.24282,650.00000000,1
1507301938,22866709,0.24282,465.00000000,1
1507301937,22866708,0.24282,606.04122000,1
1507301934,22866703,0.24282,500.00000000,1
1507301931,22866699,0.24282,1500.00000000,1
1507301927,22866697,0.24282,16246.72099436,1
1507301925,22866691,0.24282,992.19669094,1
1507301925,22866690,0.24282,864.84960097,1
1507301924,22866687,0.24282,1250.79453000,1
1507301922,22866682,0.24282,1109.24499171,1
1507301922,22866679,0.24282,16368.77496090,1
1507301921,22866676,0.24282,933.65188206,1
1507301921,22866675,0.24282,1109.24521350,1
1507301920,22866673,0.24282,483.22316943,1
1507301887,22866661,0.24284,30.00000000,0
1507301824,22866637,0.24300,31657.86918398,0
1507301824,22866636,0.24300,5525.47799196,0
1507301824,22866635,0.24300,700.00000000,0
1507301824,22866634,0.24299,244.98684000,0
1507301824,22866633,0.24297,56.00000000,0
1507301824,22866632,0.24281,256.24975000,0
1507301823,22866631,0.24280,700.00000000,0
1507301823,22866630,0.24275,15000.00000000,0
1507301823,22866628,0.24274,1224.93420000,0
1507301823,22866626,0.24273,2511.79948000,0
1507301823,22866625,0.24244,1143.28352750,0
1507301823,22866624,0.24244,979.39902656,0
1507301724,22866528,0.24244,20.60097344,0
1507301658,22866514,0.24106,500.00000000,1
1507301658,22866513,0.24110,2500.00000000,1
1507301642,22866508,0.24107,2500.00000000,1
1507301624,22866499,0.24100,50306.30448134,0
1507301582,22866483,0.24100,24994.19344398,0
1507301351,22866386,0.24100,24699.50207468,0
1507301214,22866341,0.24247,370.25429950,0
1507301187,22866339,0.24256,616.86151880,0
1507301165,22866318,0.24262,378.12480422,0
1507301162,22866317,0.24264,376.32228016,0
1507301136,22866307,0.24000,62.90890000,0
1507301136,22866306,0.24000,62.70900000,0
1507301136,22866305,0.24000,62.70900000,0
1507301136,22866304,0.24000,62.70900000,0
1507301136,22866303,0.24000,41.89858333,0
1507301093,22866275,0.24000,20.81041667,0
1507301086,22866261,0.23839,3304.91811216,1
1507301086,22866260,0.23844,62.90890000,1
1507301086,22866258,0.23845,849.44620000,1
1507301086,22866257,0.23920,62.70900000,1
1507301085,22866256,0.23920,62.70900000,1
1507301085,22866255,0.23920,62.70900000,1
1507301085,22866254,0.23920,62.70900000,1
1507301085,22866252,0.23923,4242.16976000,1
1507301084,22866246,0.24280,9076.30280065,1
1507301084,22866245,0.24280,10000.00000000,1
1507301084,22866244,0.24280,10000.00000000,1
1507301084,22866242,0.24280,10000.00000000,1
1507301084,22866240,0.24280,10000.00000000,1
1507301083,22866239,0.24280,10000.00000000,1
1507301083,22866238,0.24280,10000.00000000,1
1507301083,22866237,0.24280,10000.00000000,1
1507301083,22866236,0.24280,10000.00000000,1
1507301082,22866235,0.24260,700.00000000,0
1507301082,22866234,0.24260,471.00000000,1
1507301082,22866233,0.24260,10000.00000000,1
1507301082,22866232,0.24260,10000.00000000,1
1507301082,22866231,0.24260,10000.00000000,1
1507301082,22866230,0.24260,10000.00000000,1
1507301082,22866229,0.24260,10000.00000000,1
1507301082,22866228,0.24260,10000.00000000,1
1507301081,22866227,0.24260,10000.00000000,1
1507301081,22866226,0.24240,700.00000000,0
1507301081,22866225,0.24240,11921.22373300,1
1507301081,22866224,0.24240,10000.00000000,1
1507301081,22866223,0.24240,10000.00000000,1
1507301080,22866222,0.24240,10000.00000000,1
1507301080,22866221,0.24231,259.15745000,0
1507301080,22866220,0.24220,700.00000000,0
1507301080,22866219,0.24220,94.63264000,1
1507301079,22866218,0.24200,1000.00000000,0
1507301079,22866217,0.24200,700.00000000,0
1507301079,22866216,0.24156,4490.17810430,0
1507301079,22866215,0.24156,4167.90000000,0
1507301079,22866214,0.24156,473.16320000,1
1507301078,22866213,0.24155,756.54722398,1
1507301078,22866212,0.24155,15730.19700000,1
1507301078,22866211,0.24091,18805.32000000,1
1507301078,22866210,0.24091,2747.09810600,1
1507301078,22866209,0.24087,1390.75020000,1
1507301077,22866208,0.24087,3639.18199800,1
1507301077,22866207,0.24087,5824.04227400,1
1507301077,22866206,0.24087,1785.41182000,1
1507301077,22866205,0.24086,12568.16900000,0
1507301076,22866203,0.24081,7630.48555500,1
1507301075,22866202,0.24081,11939.58066000,0
1507301070,22866194,0.24085,376.88627777,0
1507301065,22866186,0.24090,477.76308008,0
1507301054,22866181,0.24200,44083.22950413,1
1507301054,22866180,0.24181,277.10785000,0
1507301053,22866179,0.24180,700.00000000,0
1507301053,22866178,0.24180,10000.00000000,0
1507301053,22866177,0.24180,152.63329000,1
1507301053,22866176,0.24160,700.00000000,0
1507301052,22866175,0.24156,77562.25717147,0
1507301052,22866174,0.24156,763.16646000,1
1507301052,22866173,0.24156,7754.92458800,1
1507301052,22866172,0.24140,700.00000000,0
1507301052,22866170,0.24120,74679.92447702,0
1507301051,22866168,0.24113,29.00000000,0
1507301051,22866167,0.24100,5230.80301859,0
1507301051,22866166,0.24100,50000.00000000,0
1507301051,22866165,0.24099,25065.37820433,0
1507301051,22866164,0.24099,64.89599000,0
1507301050,22866163,0.24070,9863.19090154,0
1507301050,22866162,0.24066,152.63329000,0
1507301050,22866161,0.24066,763.16646000,0
1507301050,22866159,0.24053,1145.09080000,0
1507301049,22866157,0.24000,62.77460000,0
1507301049,22866155,0.24000,62.77730000,0
1507301049,22866154,0.24000,62.77460000,0
1507301049,22866153,0.24000,62.77460000,0
1507301049,22866152,0.24000,62.77460000,0
1507301049,22866151,0.24000,62.77460000,0
1507301047,22866150,0.23997,270.00000000,0
1507300831,22865979,0.23920,204.37683200,0
1507300800,22865885,0.23844,592.39050000,1
1507300800,22865884,0.23893,62.77460000,1
1507300800,22865883,0.23894,62.77730000,1
1507300800,22865882,0.23894,250.00000000,1
1507300800,22865881,0.23895,62.77460000,1
1507300782,22865879,0.23980,20.82777314,0
1507300720,22865815,0.23895,7835.90757685,0
1507300695,22865810,0.23895,62.77460000,0
1507300664,22865769,0.23895,25514.55561000,0
1507300662,22865764,0.23895,3004.00000000,0
1507300590,22865738,0.23894,35.62557755,1
1507300582,22865733,0.23894,1219.60873000,0
1507300575,22865731,0.23894,62.77460000,0
1507300513,22865716,0.23895,3387.13297300,0
1507300513,22865715,0.23894,1460.84916000,0
1507300493,22865701,0.23895,1759.61590290,0
1507300471,22865682,0.23895,488.40048800,0
1507300471,22865681,0.23895,17500.60513925,0
1507300456,22865660,0.23895,62.77460000,0
1507300446,22865647,0.23895,5113.20110000,0
1507300446,22865646,0.23894,2142.79305000,0
1507300437,22865635,0.23895,2866.92379200,0
1507300424,22865628,0.23895,7454.10727000,0
1507300424,22865627,0.23894,2545.89273000,0
1507300411,22865608,0.23895,437.42700000,0
1507300409,22865605,0.23893,162.41100000,0
1507300409,22865601,0.23895,3279.25832900,0
1507300409,22865600,0.23895,3279.25832900,0
1507300409,22865599,0.23895,188.23400000,0
1507300407,22865597,0.23893,160.41500000,0
1507300406,22865596,0.23895,4949.26151000,0
1507300405,22865594,0.23895,12546.56178000,0
1507300405,22865593,0.23897,270.00000000,1
1507300371,22865569,0.24070,5320.80909846,0
1507300371,22865568,0.24058,59.77381000,0
1507300371,22865567,0.24057,469.58195000,0
1507300370,22865566,0.24056,2347.90976000,0
1507300370,22865565,0.24006,1028.64400000,0
1507300370,22865564,0.24000,62.75360000,0
1507300370,22865563,0.24000,3324.17459024,0
1507300368,22865561,0.23998,270.00000000,0
1507300310,22865485,0.23991,1730.00000000,0
1507300310,22865484,0.23991,270.00000000,0
1507300020,22865297,0.24000,3710.51772100,0
1507300017,22865295,0.23977,5000.00000000,0
1507300013,22865293,0.23878,200.00000000,0
1507300011,22865292,0.23976,3115.04130000,0
1507300011,22865291,0.23976,24.17033000,0
1507300011,22865290,0.23976,6808.17111000,0
1507299949,22865265,0.23990,5195.04779100,0
1507299918,22865250,0.23826,481.08564780,0
1507299910,22865244,0.23823,230.00000000,0
1507299909,22865243,0.23865,270.00000000,1
1507299893,22865233,0.23987,390.90165506,0
1507299880,22865181,0.23990,20.81909129,0
1507299879,22865180,0.23955,42.05200000,1
1507299879,22865179,0.23955,157.94800000,1
1507299872,22865173,0.23811,1076.65129463,0
1507299872,22865172,0.23811,3404.75885500,0
1507299872,22865171,0.23824,4676.52584000,1
1507299872,22865169,0.23824,20634.45400000,0
1507299871,22865165,0.23864,2090.66215807,0
1507299871,22865164,0.23864,270.00000000,1
1507299841,22865149,0.23983,84.31703204,0
1507299839,22865146,0.23984,20.82429953,0
1507299835,22865145,0.23985,384.37050815,1
1507299833,22865144,0.23986,20.82256316,0
1507299803,22865120,0.23810,22988.73314816,0
1507299802,22865119,0.23811,24575.03700000,0
1507299802,22865117,0.23811,1930.23228769,0
1507299801,22865114,0.23811,505.99756415,1
1507299736,22865071,0.23989,20.81995914,1
1507299733,22865066,0.24000,1097.57378876,0
1507299733,22865065,0.23989,571.17794000,0
1507299733,22865063,0.23906,2478.98371000,0
1507299733,22865061,0.23906,376.90600000,0
1507299731,22865054,0.23719,21966.33378000,1
1507299731,22865053,0.23720,2700.91262000,0
1507299731,22865052,0.23903,62.75360000,1
1507299729,22865051,0.23907,270.00000000,1
1507299694,22865039,0.23995,219.90100000,0
1507299693,22865036,0.23997,329.80100000,0
1507299692,22865034,0.24000,863.81800000,0
1507299692,22865032,0.24000,1003.91590000,0
1507299691,22865031,0.24000,62.86410000,0
1507299690,22865026,0.23998,535.58400000,0
1507299669,22864948,0.23902,1250.08806000,0
1507299668,22864945,0.23902,2205.09000000,0
1507299666,22864943,0.23630,15287.82289159,1
1507299666,22864941,0.23721,59.77381000,1
1507299666,22864940,0.23737,64.89599000,1
1507299666,22864939,0.23780,3097.75310000,1
1507299665,22864938,0.23780,3663.42000000,0
1507299665,22864937,0.23800,3782.86190388,1
1507299665,22864935,0.23809,5084.49011889,1
1507299664,22864934,0.23861,62.86410000,1
1507299664,22864932,0.23880,16188.00000000,1
1507299664,22864931,0.23900,2438.11808564,1
1507299662,22864928,0.23903,270.00000000,1
1507299652,22864926,0.24103,1896.03605480,0
1507299647,22864922,0.23902,3565.21739130,1
1507299626,22864912,0.24112,20.71375249,0
1507299625,22864911,0.24112,20.71289346,0
1507299619,22864909,0.23900,1209.95236200,1
1507299619,22864908,0.23923,7215.17700000,1
1507299618,22864907,0.23925,970.60310000,1
1507299618,22864906,0.23925,4865.54151000,1
1507299618,22864905,0.23925,14680.53900000,0
1507299618,22864904,0.23926,7996.48800000,1
1507299618,22864903,0.23927,12674.20578000,0
1507299616,22864901,0.24027,387.49324800,1
1507299601,22864889,0.24131,0.28299312,1
1507299563,22864869,0.24131,1935.00000000,1
1507299558,22864868,0.24134,20.69487031,0
1507299552,22864861,0.24131,182.85178688,0
1507299552,22864860,0.24130,406.86522000,0
1507299547,22864857,0.24131,20.69744312,0
1507299543,22864850,0.23900,4201.05924900,1
1507299543,22864849,0.23900,4604.00000000,1
1507299543,22864847,0.23953,1087.78920000,1
1507299543,22864845,0.23954,7995.93200000,1
1507299543,22864844,0.23956,5438.70340000,1
1507299542,22864843,0.23960,11928.29400000,1
1507299542,22864842,0.23962,11288.41600000,0
1507299542,22864840,0.23962,3185.80615100,0
1507299541,22864837,0.24013,270.00000000,1
1507299463,22864815,0.24100,7681.36243700,0
1507299457,22864813,0.24127,1285.19750800,0
1507299444,22864803,0.23904,29648.46496700,0
1507299444,22864802,0.23904,15873.80860300,0
1507299444,22864801,0.24011,2807.52694900,0
1507299444,22864800,0.24011,1475.44585100,0
1507299444,22864799,0.24009,1206.11227300,0
1507299444,22864798,0.24009,2305.93178700,0
1507299442,22864796,0.24011,194.75363000,1
1507299436,22864793,0.24126,8579.50050587,1
1507299435,22864792,0.24125,126.97800000,0
1507299434,22864791,0.24125,126.97800000,0
1507299433,22864788,0.24126,126.97800000,0
1507299432,22864787,0.24127,47.79790572,0
1507299432,22864786,0.24127,79.18009428,0
1507299431,22864783,0.24126,126.97800000,0
1507299417,22864767,0.24127,5505.25144000,0
1507299417,22864766,0.24011,18410.64856000,0
1507299416,22864763,0.24011,18987.52700000,0
1507299415,22864762,0.24011,12601.82444000,1
1507299408,22864756,0.24127,1161.20000000,0
1507299373,22864738,0.24126,532.18477990,0
1507299371,22864736,0.24119,270.00000000,0
1507299355,22864716,0.23923,50000.00000000,1
1507299351,22864715,0.24127,16466.36846572,0
1507299350,22864714,0.24120,7817.01896828,0
1507299350,22864712,0.24118,523.58475000,0
1507299350,22864711,0.24098,2617.92377000,0
1507299347,22864708,0.24120,7606.98103172,0
1507299347,22864707,0.24119,622.08090000,0
1507299347,22864706,0.24100,4066.81284367,0
1507299346,22864705,0.24100,639.80164461,0
1507299346,22864704,0.24099,3110.40448000,0
1507299333,22864697,0.24100,1620.11195000,0
1507299333,22864696,0.24100,8803.99468600,0
1507299333,22864695,0.24086,3695.53007000,0
1507299333,22864694,0.24084,1620.11195000,0
1507299329,22864691,0.24084,4706.61448800,0
1507299308,22864685,0.24090,6252.92127400,0
1507299259,22864662,0.23861,50000.00000000,1
1507299192,22864627,0.24127,389.31973000,0
1507299192,22864626,0.24121,270.00000000,0
1507299191,22864625,0.23844,22199.32947283,0
1507299191,22864624,0.23844,1472.13993000,0
1507299190,22864622,0.23857,83.83283732,1
1507299190,22864620,0.23857,6092.54594985,1
1507299190,22864619,0.23858,5327.23081000,1
1507299190,22864618,0.24001,1058.74699000,1
1507299188,22864617,0.24003,270.00000000,1
1507299188,22864616,0.24003,14554.92100000,1
1507299173,22864557,0.24126,20.70173257,0
1507299171,22864553,0.24111,3000.00000000,1
1507299161,22864538,0.24111,270.00000000,0
1507299161,22864537,0.23809,13834.69353980,1
1507299161,22864536,0.23857,2951.10730000,1
1507299160,22864535,0.23930,16160.00000000,1
1507299160,22864534,0.23931,1198.73882000,1
1507299160,22864533,0.23932,5994.97597000,1
1507299160,22864532,0.23974,270.00000000,0
1507299159,22864529,0.23974,2026.16537020,0
1507299159,22864528,0.23974,7294.31900000,1
1507299159,22864527,0.23974,270.00000000,1
1507299122,22864499,0.24120,413.55978441,0
1507299116,22864492,0.23970,50000.00000000,1
1507299066,22864447,0.23935,39988.68958100,1
1507299066,22864446,0.23935,1165.06973400,0
1507299066,22864445,0.23935,8148.33408500,0
1507299064,22864442,0.23936,697.90660000,1
1507299050,22864434,0.24117,678.32242816,0
1507299041,22864433,0.23931,50000.00000000,1
1507299020,22864427,0.24125,402.38064248,1
1507299018,22864426,0.24099,454.00000000,0
1507299013,22864424,0.23906,50000.00000000,1
1507298990,22864405,0.24086,500.00000000,0
1507298945,22864369,0.23895,1590.71650200,0
1507298944,22864365,0.23895,1936.80703800,0
1507298944,22864364,0.23895,33913.98800000,0
1507298944,22864363,0.23895,12558.48846000,1
1507298935,22864358,0.24128,18919.18365869,0
1507298935,22864357,0.24120,15424.00000000,0
1507298935,22864356,0.24120,700.00000000,0
1507298935,22864354,0.24119,1732.37284697,0
1507298934,22864353,0.24111,414.62007000,0
1507298934,22864352,0.24100,50.00000000,0
1507298934,22864351,0.24100,644.30379746,0
1507298934,22864350,0.24100,700.00000000,0
1507298934,22864349,0.24099,64.34528000,0
1507298933,22864348,0.24081,215.11590000,0
1507298933,22864347,0.24058,59.34092000,0
1507298933,22864346,0.24050,486.43878998,0
1507298932,22864345,0.24050,659.81150002,0
1507298932,22864344,0.24050,7529.54949998,0
1507298932,22864343,0.24049,2073.10035000,0
1507298921,22864335,0.24049,1073.68114000,0
1507298921,22864334,0.24048,270.00000000,0
1507298913,22864325,0.23835,278.80392734,1
1507298913,22864323,0.23879,30880.84727166,1
1507298913,22864320,0.23880,1309.50000000,1
1507298913,22864319,0.23882,1230.29890000,1
1507298912,22864318,0.23882,6155.50354000,1
1507298912,22864317,0.23950,4447.99000000,1
1507298912,22864316,0.23950,5278.37684400,0
1507298911,22864313,0.23966,148.67951700,0
1507298910,22864312,0.23966,270.00000000,1
1507298892,22864291,0.24049,107.84298723,0
1507298822,22864250,0.24050,4892.45050002,1
1507298809,22864246,0.24050,1146.25029000,1
1507298796,22864242,0.24050,500.00000000,1
1507298790,22864238,0.24050,99.29920998,0
1507298732,22864226,0.24050,178.70079002,0
1507298730,22864225,0.24031,277.75847000,0
1507298720,22864222,0.24000,3000.00000000,1
1507298650,22864206,0.24000,1174.37622000,1
1507298648,22864205,0.24000,63.34990000,0
1507298648,22864204,0.24000,4000.00000000,0
1507298648,22864203,0.24000,7500.00000000,0
1507298648,22864201,0.24000,50.00000000,0
1507298648,22864200,0.24000,62.94320000,0
1507298648,22864199,0.24000,63.04380000,0
1507298648,22864198,0.24000,63.04380000,0
1507298648,22864197,0.24000,62.77460000,0
1507298647,22864196,0.24000,63.33920000,0
1507298647,22864195,0.24000,63.33920000,0
1507298647,22864194,0.24000,62734.75679680,0
1507298647,22864193,0.23999,1395.29848000,0
1507298573,22864163,0.24000,41537.07250689,0
1507298573,22864162,0.24000,63.29110000,0
1507298573,22864161,0.24000,62.95640000,0
1507298573,22864160,0.24000,62.95640000,0
1507298573,22864159,0.24000,62.96440000,0
1507298573,22864158,0.24000,62.94590000,0
1507298573,22864157,0.24000,62.78780000,0
1507298573,22864156,0.24000,62.78250000,0
1507298572,22864155,0.24000,62.77990000,0
1507298572,22864154,0.24000,62.78780000,0
1507298572,22864153,0.24000,62.78780000,0
1507298572,22864152,0.24000,62.77990000,0
1507298572,22864151,0.24000,62.78250000,0
1507298572,22864150,0.24000,62.77990000,0
1507298572,22864149,0.24000,62.77990000,0
1507298572,22864148,0.24000,62.77990000,0
1507298572,22864147,0.24000,1410.60606060,0
1507298572,22864146,0.23999,6000.00000000,0
1507298571,22864145,0.23998,1782.39777000,0
1507298571,22864144,0.23982,3011.90603953,0
1507298536,22864127,0.23982,1894.46771510,0
1507298536,22864126,0.23982,1275.64633790,0
1507298536,22864125,0.23981,295.09083000,0
1507298536,22864124,0.23972,3011.90604000,0
1507298535,22864120,0.23974,2117.70032000,0
1507298535,22864119,0.23973,9524.83628000,0
1507298534,22864118,0.23950,3000.00000000,0
1507298483,22864095,0.23950,3000.00000000,0
1507298468,22864059,0.23887,1031.00000000,0
1507298417,22864031,0.23876,143.20589068,1
1507298359,22863929,0.23858,200.95168918,1
1507298210,22863857,0.23900,5000.00000000,0
1507298209,22863856,0.23899,2000.00000000,0
1507297986,22863772,0.23800,12952.12955000,1
1507297986,22863771,0.23814,6124.43014000,1
1507297984,22863770,0.23815,12531.36635000,1
1507297979,22863759,0.23972,2787.32688029,0
1507297979,22863758,0.23972,7545.64180000,0
1507297978,22863757,0.23972,7545.64180000,0
1507297978,22863756,0.23972,7545.64180000,0
1507297978,22863755,0.23972,4575.74771971,0
1507297978,22863754,0.23972,2969.89408029,0
1507297978,22863753,0.23972,7545.64180000,0
1507297978,22863752,0.23972,7545.64180000,0
1507297978,22863751,0.23972,7545.64180000,0
1507297977,22863750,0.23962,2436.00000000,0
1507297977,22863749,0.23961,1679.99836000,0
1507297977,22863748,0.23957,277.18215971,0
1507297935,22863720,0.23982,3988.23188235,1
1507297934,22863719,0.23982,3557.40989000,1
1507297932,22863715,0.23982,1996.03766000,0
1507297932,22863714,0.23981,204.50715150,0
1507297932,22863713,0.23981,36.95225947,0
1507297932,22863711,0.23980,3557.36752400,0
1507297932,22863710,0.23979,6059.34200000,0
1507297932,22863709,0.23979,18632.80800000,0
1507297901,22863694,0.23981,204.47646053,0
1507297885,22863687,0.23880,1507.97944346,0
1507297884,22863686,0.23879,100069.23734924,0
1507297884,22863685,0.23878,2371.52989000,0
1507297651,22863574,0.23880,1000.00000000,0
1507297631,22863566,0.23880,3694.90375312,0
1507297631,22863565,0.23810,4949.84344938,0
1507297556,22863512,0.23859,213.24401693,0
1507297550,22863510,0.23859,1000.00000000,0
1507297519,22863492,0.23859,730.00000000,0
1507297519,22863491,0.23858,270.00000000,0
1507297499,22863444,0.23980,8807.41805150,0
1507297498,22863443,0.23950,134.00000000,0
1507297498,22863439,0.23880,15530.00000000,0
1507297498,22863437,0.23860,738.98076000,0
1507297498,22863436,0.23860,3694.90378000,0
1507297497,22863435,0.23859,270.00000000,0
1507297489,22863426,0.23732,7307.30273000,1
1507297487,22863425,0.23699,7300.68654900,0
1507297486,22863422,0.23699,861.75647300,0
1507297486,22863421,0.23698,7033.26565400,0
1507297485,22863420,0.23698,5560.37045600,0
1507297485,22863419,0.23699,1504.98279100,0
1507297485,22863418,0.23699,11938.48829100,0
1507297485,22863417,0.23699,1265.03996600,0
1507297484,22863415,0.23699,1652.42086000,0
1507297484,22863413,0.23699,5292.94956100,0
1507297482,22863408,0.23699,270.00000000,0
1507297482,22863407,0.23726,6517.45248000,1
1507297482,22863406,0.23728,5290.80820900,1
1507297482,22863405,0.23729,9805.41482000,1
1507297446,22863349,0.23701,7525.08262790,0
1507297446,22863347,0.23701,10000.00000000,0
1507297445,22863344,0.23701,10000.00000000,0
1507297445,22863343,0.23701,10000.00000000,0
1507297445,22863341,0.23701,7218.42068610,0
1507297445,22863339,0.23700,2781.57931390,0
1507297431,22863326,0.23701,4121.45672000,0
1507297425,22863320,0.23701,865.03996600,0
1507297425,22863319,0.23700,400.00000000,0
1507297409,22863300,0.23572,2781.57931390,1
1507297408,22863299,0.23573,7404.21666000,1
1507297408,22863298,0.23578,300.00000000,1
1507297408,22863297,0.23579,1479.58773000,1
1507297408,22863296,0.23600,1368.30508474,1
1507297408,22863294,0.23610,278.00000000,1
1507297407,22863293,0.23640,16215.00000000,1
1507297407,22863292,0.23660,168.30092983,1
1507297407,22863291,0.23678,63.34990000,1
1507297407,22863290,0.23678,421.48999000,1
1507297405,22863289,0.23700,663.17039153,1
1507297323,22863229,0.23701,270.00000000,1
1507297238,22863161,0.23778,720.98873601,0
1507297145,22863101,0.23840,1457.78960900,0
1507297141,22863097,0.23840,1457.78960900,0
1507297138,22863093,0.23840,1457.78960900,0
1507296772,22862751,0.23904,41.66960927,0
1507296771,22862747,0.23767,2835.00000000,1
1507296687,22862652,0.23934,172.84620640,0
1507296668,22862645,0.23940,365.24190217,1
1507296668,22862643,0.23940,2913.86189900,0
1507296640,22862616,0.23853,574.17042908,0
1507296594,22862572,0.23949,1661.40720300,0
1507296593,22862571,0.23943,325.78702000,0
1507296593,22862570,0.23900,1259.05121200,0
1507296593,22862569,0.23900,2982.92892600,1
1507296593,22862568,0.23899,1628.93508000,0
1507296593,22862567,0.23875,2982.89055900,0
1507296592,22862566,0.23874,270.00000000,0
1507296441,22862486,0.23900,2683.60585435,1
1507296441,22862485,0.23900,17880.49761000,1
1507296441,22862484,0.23900,8418.47840000,1
1507296440,22862483,0.23900,27775.72105000,1
1507296439,22862481,0.23900,2023.96526965,1
1507296438,22862480,0.23900,2752.43667200,1
1507296438,22862478,0.23880,15907.00000000,0
1507296438,22862476,0.23879,477.86874000,0
1507296438,22862475,0.23835,2389.34372000,0
1507296438,22862474,0.23830,17427.15200000,0
1507296438,22862473,0.23829,2752.46543400,0
1507296437,22862472,0.23829,8511.46525000,0
1507296416,22862462,0.23846,243.49427229,0
1507296416,22862461,0.23829,2778.97858000,0
1507296194,22862295,0.23851,3635.71603575,1
1507296192,22862293,0.23834,2819.52693100,0
1507296139,22862258,0.23851,500.00000000,0
1507296020,22862217,0.23964,27208.08604573,0
1507296019,22862216,0.23963,5865.67298500,1
1507296019,22862215,0.23860,266.00000000,0
1507296019,22862214,0.23859,563.44787000,0
1507296019,22862213,0.23859,2817.23936000,0
1507296017,22862211,0.23772,731.00000000,0
1507296000,22862189,0.23700,140.81279000,1
1507296000,22862188,0.23707,90.43708000,1
1507296000,22862187,0.23707,179.56292000,1
1507295958,22862152,0.23851,1619.38376254,1
1507295894,22862086,0.23851,26132.88700000,1
1507295890,22862085,0.23851,347.60764200,1
1507295887,22862084,0.23851,399.46527000,1
1507295878,22862082,0.23851,1825.10000000,1
1507295861,22862068,0.23851,3216.94658700,1
1507295827,22862047,0.23852,5564.35803000,1
1507295823,22862041,0.23851,1127.30575539,1
1507295823,22862040,0.23852,2944.71391100,1
1507295821,22862035,0.23851,1799.37207816,1
1507295820,22862032,0.23849,531.93190491,0
1507295725,22861963,0.23867,2863.93535600,0
1507295725,22861962,0.23867,7127.39900000,0
1507295725,22861961,0.23867,7127.39900000,0
1507295725,22861959,0.23866,7127.39900000,0
1507295725,22861958,0.23860,20000.00000000,0
1507295725,22861957,0.23859,2534.12069000,0
1507295725,22861956,0.23855,3219.74695400,0
1507295694,22861845,0.23869,3086.85009100,1
1507295691,22861833,0.23869,4040.54892600,1
1507295690,22861832,0.23869,2872.60098300,0
1507295660,22861817,0.23869,413.00000000,0
1507295659,22861816,0.23733,500.00000000,1
1507295434,22861644,0.23869,1940.00000000,0
1507295434,22861643,0.23869,60.00000000,0
1507295403,22861627,0.23910,810.43906315,1
1507295403,22861626,0.23884,3375.78696000,1
1507295402,22861625,0.23884,2952.22218600,1
1507295401,22861624,0.23884,3322.22736400,0
1507295401,22861623,0.23883,60.00000000,0
1507295377,22861610,0.23793,167.06292100,1
1507295377,22861609,0.23793,692.71687700,1
1507295364,22861598,0.23811,2000.00000000,0
1507295361,22861596,0.23810,1000.00000000,0
1507295351,22861590,0.23891,33397.28412719,0
1507295348,22861587,0.23894,7774.22460900,0
1507295348,22861586,0.23894,7078.79000000,0
1507295348,22861585,0.23894,71351.05800000,0
1507295348,22861584,0.23893,3372.21148100,0
1507295348,22861583,0.23893,10423.71591000,0
1507295324,22861560,0.23811,1000.00000000,0
1507295295,22861550,0.23823,62.94320000,0
1507295277,22861544,0.23831,1000.00000000,0
1507295261,22861527,0.23793,307.28312300,1
1507295261,22861526,0.23793,1000.00000000,1
1507295261,22861525,0.23793,1000.00000000,1
1507295261,22861524,0.23793,63.04380000,1
1507295261,22861523,0.23793,63.04380000,1
1507295260,22861522,0.23793,592.97859000,1
1507295238,22861516,0.23850,1000.00000000,0
1507295235,22861514,0.23851,62.77460000,0
1507295164,22861480,0.23895,1000.00000000,0
1507295104,22861434,0.23793,137.02141000,1
1507295093,22861420,0.23793,270.00000000,0
1507295067,22861397,0.23681,4531.33098803,1
1507295067,22861395,0.23682,63.33920000,1
1507295047,22861366,0.23681,40374.85892000,1
1507295047,22861365,0.23682,9561.80188000,1
1507295046,22861364,0.23682,63.33920000,1
1507294979,22861317,0.23682,3000.00000000,1
1507294971,22861305,0.23689,4123.44695100,0
1507294961,22861298,0.23681,4911.00000000,1
1507294960,22861296,0.23686,300.00000000,1
1507294937,22861272,0.23700,63.29110000,1
1507294896,22861118,0.23700,220.00000000,1
1507294895,22861117,0.23700,850.00000000,1
1507294879,22861057,0.23814,62.95640000,1
1507294865,22861031,0.23775,7027.35264300,1
1507294865,22861030,0.23775,1892.85810500,1
1507294865,22861029,0.23775,8499.51130000,1
1507294864,22861025,0.23775,2580.27795200,1
1507294841,22860929,0.23826,62.95640000,1
1507294807,22860893,0.23828,7753.74966426,0
1507294807,22860889,0.23827,1919.34691000,0
1507294805,22860882,0.23826,541.54684000,0
1507294804,22860877,0.23775,499.75012493,0
1507294800,22860854,0.23811,0.00000044,1
1507294774,22860841,0.23826,3232.57704000,0
1507294774,22860840,0.23811,269.99999956,1
1507294774,22860838,0.23811,62.96440000,1
1507294774,22860836,0.23820,200.00000000,1
1507294774,22860834,0.23820,469.76511744,1
1507294762,22860822,0.23827,1629.89110220,1
1507294761,22860818,0.23827,1039.29094755,1
1507294759,22860805,0.23828,329.70922345,0
1507294759,22860801,0.23827,1025.46435385,0
1507294759,22860798,0.23827,605.24173340,0
1507294756,22860791,0.23827,649.70608275,0
1507294756,22860789,0.23827,1039.81060000,0
1507294753,22860786,0.23827,1218.37348385,0
1507294753,22860785,0.23820,200.00000000,0
1507294753,22860784,0.23811,270.00000000,0
1507294749,22860780,0.23735,7436.48257300,1
1507294695,22860752,0.23823,62.94590000,0
1507294683,22860737,0.23828,33.20000000,0
1507294657,22860730,0.23830,5000.00000000,1
1507294657,22860729,0.23837,200.00000000,1
1507294635,22860724,0.23850,62.78780000,0
1507294575,22860689,0.23890,62.78250000,0
1507294516,22860635,0.23892,120.00000000,0
1507294515,22860633,0.23892,62.77990000,0
1507294498,22860619,0.23893,406.72542564,0
1507294497,22860618,0.23892,3525.78977000,0
1507294478,22860610,0.23890,62.78780000,1
1507294442,22860586,0.23890,62.78780000,1
1507294395,22860557,0.23892,62.77990000,0
1507294386,22860553,0.23892,62.78250000,1
1507294348,22860546,0.23893,273.76218976,0
1507294337,22860541,0.23893,3729.00000000,0
1507294335,22860540,0.23893,62.77990000,0
1507294275,22860498,0.23893,62.77990000,0
1507294274,22860490,0.23893,1176.53854400,0
1507294263,22860487,0.23893,270.00000000,0
1507294261,22860484,0.23893,62.77990000,1
1507294246,22860477,0.23977,1543.25057347,0
1507294246,22860476,0.23977,270.00000000,0
1507294185,22860450,0.23893,174.03606880,1
1507294168,22860438,0.23976,4586.83683683,0
1507293853,22860208,0.23982,44.96718001,1
1507293806,22860178,0.23892,270.00000000,1
1507293727,22860124,0.23890,500.00000000,1
1507293678,22860085,0.23678,1847.35004620,1
1507293678,22860083,0.23678,395.53340654,1
1507293678,22860081,0.23678,84.46659346,1
1507293678,22860078,0.23826,22.00000000,1
1507293677,22860073,0.23678,6200.00000000,0
1507293677,22860070,0.23500,5000.00000000,0
1507293677,22860069,0.23500,22.00000000,0
1507293676,22860068,0.23500,47846.00000000,1
1507293676,22860067,0.23500,59627.28152459,0
1507293676,22860066,0.23500,1967.93645673,0
1507293675,22860063,0.23500,2464.21490000,0
1507293675,22860062,0.23500,11149.92408100,0
1507293674,22860061,0.23500,214.61691937,0
1507293674,22860060,0.23500,104271.82930369,1
1507293674,22860059,0.23500,369.00000000,1
1507293674,22860058,0.23500,19524.81558255,1
1507293674,22860057,0.23500,10000.00000000,1
1507293674,22860056,0.23500,4000.00000000,1
1507293674,22860055,0.23500,2032.72669797,1
1507293673,22860054,0.23500,700.00000000,1
1507293673,22860053,0.23500,602.00000000,1
1507293673,22860052,0.23520,6694.58961193,1
1507293673,22860051,0.23520,700.00000000,1
1507293673,22860050,0.23525,82646.74729012,1
1507293673,22860049,0.23526,5558.86404700,1
1507293673,22860048,0.23540,700.00000000,1
1507293673,22860047,0.23540,300.00000000,1
1507293673,22860046,0.23550,370.00000000,1
1507293673,22860045,0.23560,700.00000000,1
1507293673,22860044,0.23580,700.00000000,1
1507293672,22860043,0.23589,58.01886485,1
1507293672,22860042,0.23597,25.42696105,1
1507293672,22860041,0.23600,6050.00000000,1
1507293672,22860040,0.23600,700.00000000,1
1507293672,22860039,0.23620,700.00000000,1
1507293672,22860038,0.23624,2400.39885134,1
1507293672,22860037,0.23640,700.00000000,1
1507293672,22860036,0.23650,16338.00000000,1
1507293672,22860035,0.23660,700.00000000,1
1507293672,22860034,0.23680,100.00000000,1
1507293671,22860033,0.23680,700.00000000,1
1507293671,22860032,0.23700,700.00000000,1
1507293671,22860031,0.23720,700.00000000,1
1507293671,22860030,0.23721,59.34092000,1
1507293671,22860028,0.23737,64.34528000,1
1507293671,22860026,0.23740,700.00000000,1
1507293671,22860025,0.23752,2487.59630000,1
1507293671,22860024,0.23777,1000.00000000,1
1507293671,22860023,0.23797,300.00000000,1
1507293671,22860022,0.23830,1356.49993118,1
1507293670,22860021,0.23850,40.00000000,1
1507293670,22860020,0.23890,4032.45674832,1
1507293670,22860019,0.23900,12327.76426820,1
1507293670,22860018,0.23950,97.00000000,1
1507293670,22860017,0.23958,200.00000000,1
1507293670,22860016,0.23983,18346.91168123,1
1507293670,22860015,0.23983,13821.69377888,1
1507293662,22860012,0.23983,3000.00000000,1
1507293622,22860004,0.23983,26.00000000,1
1507293551,22859968,0.24093,553.38198572,1
1507293550,22859967,0.24062,270.00000000,0
1507293477,22859933,0.23983,831.02075711,1
1507293378,22859887,0.23983,520.00000000,1
1507293277,22859774,0.24000,1620.03664716,0
1507293275,22859773,0.24000,290.00000000,1
1507293275,22859772,0.24000,52803.00633958,1
1507293271,22859771,0.24000,2799.59013900,1
1507293248,22859762,0.24111,4023.30886317,0
1507293242,22859755,0.24000,1320.82463400,1
1507293241,22859754,0.24000,2726.23091600,1
1507293238,22859751,0.24000,5774.00616800,1
1507293232,22859746,0.24000,2783.55635700,1
1507293226,22859742,0.24000,42.34593405,1
1507293121,22859694,0.24000,3041.35847790,1
1507293119,22859691,0.24041,46.00000000,1
1507293084,22859674,0.24000,7418.54856700,1
1507293076,22859666,0.24000,519.07784090,1
1507293070,22859661,0.24000,6712.00000000,1
1507293057,22859647,0.24000,11719.04400000,1
1507293034,22859638,0.24000,2340.41062657,1
1507293034,22859637,0.24000,155.09190143,1
1507293033,22859636,0.24000,2085.90835000,1
1507293031,22859634,0.24000,2550.86526400,1
1507293019,22859627,0.24000,673.89494057,1
1507293019,22859626,0.24001,1000.00000000,1
1507293019,22859625,0.24002,1206.13533143,1
1507293019,22859624,0.24020,170.00000000,1
1507293015,22859621,0.24020,329.99943000,0
1507293015,22859618,0.24002,4116.08390400,1
1507293013,22859615,0.24020,170.00000000,0
1507293012,22859610,0.24002,6687.68738600,1
1507293007,22859607,0.24002,1206.13533100,1
1507293002,22859599,0.24002,26.00000000,1
1507292979,22859588,0.24020,6541.25386174,1
1507292900,22859562,0.24020,1304.80851200,1
1507292702,22859484,0.24020,3217.84590687,0
1507292662,22859480,0.24011,502.00000000,0
1507292619,22859433,0.24020,4066.81284367,1
1507292587,22859418,0.24002,5000.00090000,1
1507292587,22859417,0.24002,2052.43996160,1
1507292586,22859416,0.24003,5752.99639000,1
1507292586,22859415,0.24008,1087.43277240,1
1507292553,22859404,0.24008,401.00000000,1
1507292539,22859387,0.24009,1767.82683800,1
1507292507,22859369,0.24008,415.56722760,1
1507292506,22859367,0.24010,56.00000000,1
1507292400,22859329,0.24013,468.85972000,1
1507292311,22859308,0.24119,786.83013391,0
1507292311,22859307,0.24100,195.77978133,0
1507292310,22859306,0.24097,270.00000000,1
1507292309,22859305,0.24100,33.11551867,0
1507292309,22859301,0.24097,270.00000000,0
1507292248,22859280,0.24006,64.69895430,1
1507292174,22859260,0.24098,251.84043800,0
1507292172,22859259,0.24005,506.99999984,1
1507292170,22859257,0.24050,0.00000016,1
1507292133,22859238,0.24050,1330.00008300,1
1507292110,22859230,0.24050,269.99991684,1
1507292045,22859193,0.24000,805.23954400,1
1507292045,22859191,0.24001,1000.00000000,1
1507292045,22859190,0.24003,270.00000000,1
1507291906,22859152,0.24004,2894.79101000,1
1507291893,22859144,0.24002,270.00000000,1
1507291880,22859063,0.24007,270.00000000,1
1507291867,22859060,0.24008,270.00000000,1
1507291853,22859053,0.24006,270.00000000,1
1507291817,22858999,0.24097,7027.52707320,1
1507291816,22858997,0.24097,3477.99477600,1
1507291816,22858995,0.24097,60.00000000,0
1507291780,22858977,0.24034,98.00000000,1
1507291642,22858935,0.24119,103.39421203,0
1507291635,22858934,0.24120,8389.20398009,0
1507291635,22858933,0.24105,270.00000000,0
1507291503,22858897,0.24120,4.84762240,0
1507291503,22858895,0.24120,357.41523000,0
1507291501,22858893,0.24100,1500.00000000,0
1507291496,22858892,0.24082,33.14027074,0
1507291380,22858865,0.24037,70.00000000,1
1507291288,22858833,0.24037,379.48177813,1
1507291200,22858804,0.24008,366.10096000,1
1507291200,22858803,0.24008,270.00000000,1
1507291073,22858763,0.24120,98.83913764,0
1507291073,22858762,0.24024,8299.84987583,1
1507291072,22858761,0.24027,269.99999906,1
1507291059,22858753,0.24027,0.00000094,1
1507290680,22858618,0.24163,222.92484377,0
1507290636,22858601,0.24129,380.33308467,0
1507290635,22858600,0.24003,215.11114223,1
1507290570,22858563,0.24159,20.67345503,0
1507290469,22858531,0.24117,1805.56797673,0
1507290467,22858530,0.24115,2329.76202000,0
1507290464,22858528,0.24100,5460.00000000,1
1507290396,22858445,0.24120,13767.65781841,0
1507290394,22858444,0.24118,1080.41090000,0
1507290333,22858413,0.24120,530.84390640,0
1507290264,22858354,0.24014,19334.24855200,1
1507290264,22858352,0.24059,5695.75144800,1
1507290260,22858350,0.24350,237.85416751,1
1507290260,22858349,0.24350,10961.90930668,0
1507290260,22858348,0.24350,4029.41382694,0
1507290259,22858347,0.24281,488.28416000,0
1507290259,22858346,0.24281,1289.23740000,1
1507290259,22858345,0.24252,6937.48572800,1
1507290259,22858344,0.24243,572.80780000,0
1507290259,22858343,0.24200,157.01000000,0
1507290258,22858342,0.24199,4000.00000000,0
1507290258,22858340,0.24199,5000.00000000,0
1507290258,22858338,0.24198,96.00000000,0
1507290258,22858335,0.24172,270.00000000,0
1507290256,22858332,0.24169,2864.03899000,0
1507290243,22858327,0.24180,20.65550041,0
1507290243,22858326,0.24052,200.00000000,1
1507290198,22858321,0.24158,77.87471400,1
1507290194,22858311,0.24158,270.00000000,0
1507290117,22858271,0.24017,2128.28204610,1
1507290115,22858270,0.24100,2596.71795390,1
1507290107,22858269,0.24168,20.66575637,0
1507290083,22858255,0.24100,3403.28204610,1
1507290056,22858250,0.24197,348.89903707,1
1507290056,22858249,0.24197,270.00000000,0
1507289934,22858188,0.24197,20.64098855,0
1507289909,22858176,0.24170,22.00000000,1
1507289872,22858161,0.24178,20.65720903,0
1507289825,22858145,0.24190,1149.04018995,1
1507289825,22858144,0.24190,4738.00246700,1
1507289823,22858139,0.24190,1200.42320000,1
1507289822,22858137,0.24189,3512.25563000,0
1507289822,22858136,0.24103,2479.27851305,0
1507289803,22858129,0.24103,20.72148695,0
1507289800,22858126,0.24047,3500.15806553,1
1507289646,22858029,0.24172,20.66233659,0
1507289584,22858001,0.24151,1523.52090000,0
1507289584,22858000,0.24148,270.00000000,0
1507289583,22857999,0.24146,11610.56400000,0
1507289583,22857998,0.24145,1024.91510000,0
1507289382,22857914,0.24167,20.66661150,0
1507289360,22857907,0.24167,10539.49578553,1
1507289360,22857906,0.24167,1016.51140000,1
1507289359,22857905,0.24167,13178.21717000,0
1507289351,22857899,0.24000,80393.06450300,1
1507289351,22857898,0.24001,402.55000000,1
1507289350,22857897,0.24030,10014.72027000,1
1507289350,22857896,0.24035,8590.75664000,1
1507289350,22857895,0.24035,270.00000000,1
1507289350,22857894,0.24036,5720.00858700,1
1507289338,22857880,0.24174,224.06130553,1
1507289336,22857876,0.24052,0.00000047,0
1507289326,22857874,0.24052,1897.86012800,0
1507289324,22857872,0.24052,1102.32891000,0
1507289311,22857862,0.24052,481.08564776,0
1507289310,22857860,0.24052,1130.40490661,0
1507289309,22857858,0.24052,1101.97892067,0
1507289265,22857836,0.24052,1000.00000000,0
1507289256,22857834,0.24052,114.66847200,0
1507289236,22857831,0.24052,1967.86130051,0
1507289226,22857825,0.24052,182.00000000,0
1507289217,22857815,0.24052,90.84302000,0
1507289184,22857768,0.24052,12134.21700500,0
1507289180,22857760,0.24052,9069.03130600,0
1507289108,22857730,0.24052,5448.21658498,0
1507289101,22857723,0.24052,302.19195800,0
1507289053,22857700,0.24001,597.45000000,1
1507288955,22857637,0.24000,3729.00000000,1
1507288925,22857622,0.24035,20.77924779,0
1507288923,22857620,0.24036,20.77924779,0
1507288921,22857618,0.23927,200.00000000,1
1507288876,22857588,0.23983,802.00000000,0
1507288856,22857583,0.23978,183.00000000,0
1507288832,22857573,0.23916,650.00000000,1
1507288749,22857551,0.23911,205.71377888,1
1507288556,22857504,0.24042,20.77319802,0
1507288402,22857441,0.24002,1032.73330000,0
1507288344,22857408,0.23832,3710.73084700,0
1507288344,22857407,0.23832,5923.26915300,1
1507288344,22857406,0.23900,96.00000000,1
1507288342,22857405,0.23901,270.00000000,1
1507288335,22857403,0.23950,1000.00000000,1
1507288335,22857402,0.23960,8410.00000000,1
1507288276,22857374,0.24047,21.00000000,0
