date,tid,price,amount,type
1503082483,18776534,0.07048999,3.33801490,0
1503082483,18776533,0.07048998,1.89000000,0
1503082483,18776532,0.07047720,0.10000000,0
1503082469,18776517,0.07047566,1.42296974,0
1503082469,18776516,0.07047565,1.78883126,0
1503082439,18776503,0.07047576,0.09967029,0
1503082297,18776296,0.07047629,0.80699659,0
1503082192,18776215,0.07047674,0.38711525,0
1503082190,18776210,0.07047674,21.89627075,0
1503082189,18776201,0.07047675,12.34381551,0
1503082189,18776200,0.07047675,16.17548000,0
1503082035,18776089,0.07039998,2.27300000,0
1503081927,18775990,0.07038900,1.07404817,1
1503081927,18775989,0.07038901,0.15489783,1
1503081924,18775986,0.07038900,2.13838072,1
1503081890,18775978,0.07039998,1.14000000,0
1503081859,18775961,0.07039998,0.20000000,0
1503081838,18775938,0.07039999,1.28741495,0
1503081837,18775936,0.07039999,0.20000000,0
1503081837,18775935,0.07039999,3.89029884,0
1503081837,18775934,0.07039999,20.00000000,0
1503081836,18775932,0.07039998,3.38001346,0
1503081835,18775926,0.07039998,0.15489783,0
1503081830,18775921,0.07039998,0.20000000,0
1503081820,18775916,0.07039999,14.17836300,0
1503081814,18775912,0.07040000,4.26000000,0
1503081599,18775748,0.07048834,0.10000000,1
1503081576,18775737,0.07050000,0.10000000,1
1503081227,18775512,0.07030075,1.78883126,0
1503081227,18775511,0.07033348,0.20000000,1
1503081225,18775507,0.07058000,0.50000000,1
1503081075,18775447,0.07060000,2.00000000,1
1503080649,18775199,0.07133975,2.09735159,0
1503080232,18774885,0.07134100,0.17086669,0
1503079998,18774660,0.07148294,0.01434000,0
1503079997,18774659,0.07134120,0.20000000,0
1503079988,18774641,0.07126584,0.17871407,0
1503079945,18774537,0.07124067,0.17120000,0
1503079896,18774464,0.07125510,0.16788557,0
1503079890,18774437,0.07125510,0.16780750,0
1503079691,18774246,0.07093756,0.50000000,0
1503079681,18774232,0.07112898,2.00000000,0
1503079666,18774217,0.07112880,0.18127068,0
1503079655,18774206,0.07112880,1.21355906,0
1503079602,18774079,0.07112880,0.18259764,0
1503079593,18774032,0.07112880,6.71500339,0
1503079588,18773999,0.07112880,2.92668500,0
1503079586,18773992,0.07112880,0.18017536,0
1503079540,18773927,0.07112845,0.39252400,0
1503079446,18773768,0.07112876,16.87081288,0
1503079368,18773671,0.07097999,1.98471400,0
1503079365,18773670,0.07097999,0.73736300,0
1503079358,18773666,0.07112892,3.92578939,0
1503079358,18773665,0.07098000,8.86192000,0
1503079356,18773664,0.07097999,4.11022539,0
1503079221,18773550,0.07097999,0.50000000,0
1503079218,18773548,0.07097999,0.47867800,0
1503079211,18773543,0.07097999,0.88961000,0
1503079211,18773541,0.07097999,0.26597700,0
1503079204,18773537,0.07097999,0.42019000,0
1503079200,18773535,0.07097999,0.31678500,0
1503079197,18773533,0.07097999,1.39508600,0
1503079080,18773433,0.07097999,1.33935500,0
1503079071,18773423,0.07097999,2.11544400,0
1503078915,18773318,0.07099984,2.24686421,0
1503078677,18773149,0.07112898,7.88370722,0
1503078674,18773145,0.07112899,0.58276270,1
1503078664,18773133,0.07112899,1.29720100,0
1503078663,18773131,0.07112900,6.13156377,0
1503078662,18773125,0.07112900,0.18412813,0
1503078574,18772958,0.07112924,0.23311000,0
1503078540,18772826,0.07112010,0.18873974,0
1503078519,18772683,0.07112014,0.12800000,0
1503078057,18772221,0.07117250,4.91934823,1
1503078055,18772220,0.07117250,0.70080000,0
1503077970,18772152,0.07100200,1.81707770,1
1503077955,18772142,0.07100200,1.52436500,1
1503077953,18772138,0.07100202,1.78436067,1
1503077952,18772137,0.07100202,1.62535100,1
1503077952,18772136,0.07117273,0.20000000,0
1503077950,18772134,0.07100204,1.48000000,1
1503077950,18772133,0.07100205,0.68151419,1
1503077934,18772122,0.07100202,0.20000000,1
1503077928,18772110,0.07100200,3.80999500,1
1503077924,18772105,0.07100200,3.81000000,1
1503077912,18772063,0.07100148,2.92820630,1
1503077912,18772062,0.07104182,0.07178870,1
1503077842,18771955,0.07139881,1.80000000,0
1503077842,18771954,0.07117273,0.20000000,0
1503077838,18771940,0.07100118,0.15540000,1
1503077827,18771928,0.07117273,0.19996603,0
1503077821,18771919,0.07117273,0.09743000,0
1503077811,18771906,0.07117273,0.19999500,0
1503077793,18771884,0.07100096,0.20000000,1
1503077780,18771857,0.07100091,0.20000000,1
1503077766,18771832,0.07100084,0.20000000,1
1503077754,18771808,0.07117273,0.19999500,0
1503077752,18771803,0.07100079,0.20000000,1
1503077741,18771723,0.07100074,0.20000000,1
1503077728,18771676,0.07100066,0.20000000,1
1503077715,18771623,0.07100061,0.20000000,1
1503077693,18771549,0.07100054,0.15499549,1
1503077687,18771540,0.07100052,0.20000000,1
1503077680,18771536,0.07100050,0.20000000,1
1503077666,18771516,0.07100043,0.20000000,1
1503077659,18771504,0.07100040,2.48109500,1
1503077651,18771492,0.07100036,0.14540000,1
1503077641,18771482,0.07117273,0.20000000,0
1503077619,18771461,0.07100022,0.47894400,1
1503077619,18771459,0.07100022,0.15503335,1
1503077618,18771453,0.07100021,0.20000000,1
1503077613,18771425,0.07100021,0.14411346,1
1503077612,18771414,0.07100021,0.20000000,1
1503077604,18771401,0.07139891,4.80000000,0
1503077604,18771400,0.07116370,0.20000000,0
1503077596,18771392,0.07100014,0.20000000,1
1503077572,18771318,0.07100005,0.50000000,1
1503077571,18771313,0.07139895,9.73314450,0
1503077571,18771311,0.07139894,10.26685550,0
1503077568,18771300,0.07100005,0.31673158,1
1503077563,18771291,0.07100003,0.50000000,1
1503077558,18771282,0.07100003,0.15000000,1
1503077550,18771274,0.07100001,0.50000000,1
1503077540,18771261,0.07118500,10.26685550,1
1503077540,18771260,0.07190000,35.80373212,1
1503077540,18771258,0.07180100,0.15000000,0
1503077540,18771257,0.07180099,80.00000000,0
1503077539,18771256,0.07180099,0.99858514,1
1503077539,18771255,0.07180099,3.66023800,1
1503077539,18771254,0.07180099,2.87498900,1
1503077539,18771253,0.07143144,0.74468051,0
1503077538,18771252,0.07143144,1.11900000,0
1503077538,18771251,0.07143144,0.20300000,0
1503077538,18771250,0.07143144,0.37041800,0
1503077538,18771249,0.07143144,0.49489900,0
1503077538,18771248,0.07143144,7.64270000,1
1503077538,18771247,0.07143144,16.98456300,1
1503077538,18771245,0.07143144,12.44995500,1
1503077538,18771244,0.07143144,1.08100000,1
1503077537,18771243,0.07143144,1.00093400,1
1503077537,18771241,0.07140000,3.81620000,0
1503077536,18771240,0.07139900,1.54978813,0
1503077536,18771239,0.07139900,4.68086300,1
1503077536,18771238,0.07139900,5.52649200,1
1503077536,18771236,0.07130000,2.30322272,0
1503077536,18771234,0.07120000,9.97804150,0
1503077535,18771233,0.07120000,0.17851958,0
1503077535,18771231,0.07118500,2.48476748,0
1503077535,18771230,0.07116364,0.14704388,0
1503077535,18771229,0.07116364,1.26228100,0
1503077534,18771228,0.07116363,76.14600000,0
1503077534,18771225,0.07103966,0.20000000,0
1503077534,18771223,0.07100000,0.50000000,0
1503077533,18771220,0.07097111,3.07876600,1
1503077533,18771215,0.07097111,0.13367795,1
1503077532,18771213,0.07097111,0.41337199,0
1503077532,18771212,0.07097111,1.00000000,0
1503077510,18771119,0.07097110,0.15968635,0
1503077506,18771098,0.07097110,0.35961442,0
1503077484,18770985,0.07097110,5.46300700,0
1503077482,18770968,0.07097110,5.19737800,0
1503077482,18770962,0.07097110,0.25986901,0
1503077481,18770960,0.07080000,0.00000599,0
1503077438,18770801,0.07080000,0.19310000,0
1503077408,18770769,0.07080000,4.80689401,0
1503077408,18770768,0.07079884,0.00000599,0
1503077407,18770767,0.07073661,0.20000000,0
1503077385,18770734,0.07079884,1.41649400,0
1503077371,18770687,0.07075830,1.44263105,0
1503077371,18770685,0.07075830,1.41851497,0
1503077369,18770679,0.07075828,2.39134222,0
1503077369,18770677,0.07075828,2.88608054,0
1503077369,18770676,0.07073806,0.07245746,0
1503077369,18770674,0.07070000,1.33826100,0
1503077368,18770666,0.07070000,2.86114600,0
1503077366,18770660,0.07070000,10.80059300,0
1503077366,18770658,0.07070000,0.40000000,0
1503077366,18770657,0.07069795,0.20000000,0
1503077366,18770654,0.07066710,0.09739246,0
1503077365,18770653,0.07066710,0.59475920,0
1503077350,18770608,0.07066710,0.01730780,0
1503077350,18770606,0.07063526,5.03308779,0
1503077349,18770604,0.07063500,7.81250000,0
1503077349,18770602,0.07062657,0.70996441,0
1503077324,18770479,0.07062647,0.18968713,1
1503077323,18770461,0.07062647,2.95873950,0
1503077323,18770460,0.07058317,10.00000000,0
1503077323,18770458,0.07058150,0.12200000,0
1503077322,18770457,0.07052750,0.00000050,0
1503077308,18770393,0.07052750,3.56499950,0
1503077307,18770391,0.07052747,4.96598287,0
1503077307,18770390,0.07052747,0.68962963,0
1503077045,18770021,0.07053340,1.84309845,0
1503076895,18769903,0.07038613,0.28724405,0
1503076868,18769888,0.07038618,0.77934333,0
1503076835,18769866,0.07038625,0.78133158,0
1503076805,18769845,0.07038630,5.63788013,0
1503076805,18769844,0.07030000,1.18223968,0
1503076772,18769832,0.07030000,0.71776032,0
1503076548,18769597,0.06955272,37.52186063,1
1503076548,18769596,0.06997352,0.20000000,1
1503076548,18769595,0.07000000,0.10010000,1
1503076548,18769594,0.07000000,0.16360467,1
1503076547,18769592,0.07000001,7.47144488,0
1503076546,18769591,0.07000001,73.58200000,1
1503076543,18769586,0.07000000,0.00005107,0
1503076543,18769584,0.07000000,2.99994893,0
1503076525,18769553,0.06955270,22.36204948,1
1503076525,18769552,0.06999347,0.20000000,1
1503076525,18769551,0.06999347,7.44572045,0
1503076524,18769548,0.07000001,0.14023007,0
1503076524,18769547,0.07000001,69.85200000,1
1503076479,18769501,0.06955270,20.47945437,1
1503076479,18769500,0.06955270,0.14493192,0
1503076478,18769497,0.06981509,0.20000000,1
1503076478,18769495,0.07000000,5.43056112,1
1503076478,18769493,0.07000001,0.28482562,1
1503076477,18769487,0.07025001,2.85009996,0
1503076476,18769486,0.07025001,70.61012701,1
1503076443,18769464,0.07025001,5.14787299,1
1503076437,18769457,0.07000000,4.56943888,1
1503076436,18769456,0.07000000,1.00000000,1
1503076436,18769455,0.07000000,0.43000000,1
1503076436,18769454,0.07000000,3.85245900,0
1503076436,18769453,0.07000000,6.75000000,0
1503076436,18769452,0.07000000,0.18966401,0
1503076435,18769449,0.07000009,80.00000000,1
1503076435,18769447,0.07015000,0.00000022,1
1503076435,18769446,0.07015000,0.71154448,0
1503076434,18769444,0.07025000,1.78692900,0
1503076433,18769442,0.07025000,0.70996441,1
1503076396,18769383,0.07025042,17.61197441,0
1503076396,18769381,0.07025043,1.90000000,1
1503076395,18769377,0.07025045,0.16050675,0
1503076395,18769375,0.07025045,10.20256408,0
1503076394,18769371,0.07025045,0.19495476,1
1503076394,18769370,0.07025045,69.93000000,1
1503076055,18769145,0.07047000,6.34293100,0
1503076003,18769093,0.07046999,3.46029345,0
1503076003,18769092,0.07046000,9.03756855,0
1503076001,18769085,0.07046000,21.46302100,0
1503075898,18768982,0.07044999,0.88566700,0
1503075798,18768899,0.07044996,1.22513900,0
1503075584,18768709,0.07046490,0.31000000,0
1503075549,18768693,0.07046500,23.38288512,1
1503075549,18768692,0.07046500,5.00000000,0
1503075491,18768618,0.07058149,7.98096937,1
1503075491,18768617,0.07050000,5.00000000,0
1503075490,18768616,0.07047000,5.00000000,0
1503075490,18768615,0.07045000,5.00000000,0
1503075490,18768614,0.07044997,3.52810164,0
1503075488,18768612,0.07044980,1.86000000,0
1503075446,18768559,0.07028026,0.19000000,1
1503075446,18768558,0.07030100,2.81000000,1
1503075035,18768184,0.07044996,0.31216700,0
1503075028,18768159,0.07025019,1.97544600,0
1503075024,18768148,0.07025019,0.15961371,0
1503075015,18768130,0.07025020,7.37085375,0
1503075014,18768128,0.07025020,0.29048600,1
1503075013,18768120,0.07025019,8.85095500,1
1503075012,18768117,0.07025019,0.18536568,1
1503074709,18767801,0.07025000,0.50058955,1
1503074709,18767800,0.07025000,0.00016158,1
1503074662,18767757,0.07025001,0.62992171,1
1503074630,18767722,0.07025000,1.69984342,1
1503074610,18767710,0.07025000,0.29999500,1
1503074560,18767666,0.07038000,1.00000000,0
1503074534,18767647,0.07026000,2.00000000,1
1503074509,18767607,0.07026000,1.00000000,1
1503074450,18767528,0.07028000,1.00000000,1
1503074427,18767505,0.07020005,1.32802393,1
1503074427,18767503,0.07022949,0.07261907,1
1503074420,18767497,0.07030000,1.00000000,1
1503074303,18767404,0.07040000,2.00000000,0
1503074292,18767373,0.07022982,0.72999500,1
1503074288,18767367,0.07022981,0.16278313,1
1503074187,18767265,0.07022951,0.16157711,1
1503074151,18767189,0.07058240,28.07318637,1
1503074151,18767187,0.07040000,3.00000000,0
1503074149,18767178,0.07039999,1.09839684,0
1503074087,18767043,0.07034999,0.35779100,0
1503073893,18766740,0.07016010,1.31330000,0
1503073878,18766704,0.07016009,0.79311200,1
1503073875,18766701,0.07016010,0.15688215,0
1503073640,18766403,0.07015007,1.01054000,1
1503073626,18766385,0.07015005,0.17826651,1
1503073490,18766300,0.07015000,11.68494955,1
1503073490,18766298,0.07015001,1.72997645,1
1503073484,18766297,0.07016000,2.00000000,1
1503073458,18766259,0.07035839,0.10844321,1
1503073456,18766257,0.07021001,0.00000144,0
1503073421,18766213,0.07015000,12.45640900,1
1503073363,18766177,0.07015000,3.95208428,1
1503073363,18766176,0.07015001,1.27916572,1
1503073350,18766160,0.07015000,21.90655695,1
1503073350,18766159,0.07015001,1.41344281,1
1503073350,18766158,0.07016000,1.00000000,1
1503073350,18766157,0.07019000,0.68000024,1
1503073340,18766149,0.07019000,1.31999976,1
1503073339,18766148,0.07019000,0.00000024,1
1503073322,18766133,0.07019000,1.31825800,1
1503073320,18766131,0.07019000,1.56092500,1
1503073310,18766127,0.07019000,1.03654376,1
1503073310,18766126,0.07019001,1.56092524,1
1503073302,18766125,0.07019000,0.63571600,1
1503073300,18766123,0.07019000,4.54345000,1
1503073296,18766121,0.07019000,0.90510700,1
1503073293,18766119,0.07019000,2.00000000,1
1503073291,18766118,0.07019000,1.87011369,1
1503073291,18766117,0.07019001,1.72477930,1
1503073199,18766057,0.07019000,0.12988631,1
1503073129,18765977,0.07015001,0.61395284,1
1503073083,18765926,0.07015001,1.72166000,1
1503073070,18765909,0.07015001,0.92549104,1
1503073070,18765907,0.07021001,2.29536214,0
1503073070,18765906,0.07021001,0.01168886,0
1503073069,18765904,0.07015001,0.97689600,1
1503073061,18765892,0.07020000,0.12200000,1
1503073061,18765891,0.07020000,1.44263105,1
1503073061,18765890,0.07021000,2.29536358,1
1503073051,18765875,0.07021001,2.40104337,0
1503073050,18765874,0.07021000,7.63261200,1
1503073050,18765871,0.07021000,0.07202442,1
1503073049,18765869,0.07021001,2.29536358,1
1503073043,18765848,0.07021001,0.11736865,1
1503073042,18765843,0.07021001,0.62735500,1
1503072996,18765781,0.07026000,3.43146200,1
1503072994,18765775,0.07026000,2.12854300,1
1503072950,18765711,0.07026000,4.43999500,1
1503072879,18765633,0.07030001,1.12333000,1
1503072856,18765620,0.07037000,1.26147600,1
1503072836,18765599,0.07037000,8.03911300,1
1503072822,18765586,0.07037000,0.30942900,1
1503072801,18765552,0.07037001,0.16092559,0
1503072724,18765485,0.07037001,0.19442300,1
1503072706,18765474,0.07037000,0.38998200,1
1503072646,18765414,0.07030063,3.52281000,1
1503072620,18765361,0.07051993,0.94114700,0
1503072534,18765256,0.07058314,0.70838447,0
1503072133,18764276,0.07058316,5.66707413,0
1503071989,18764049,0.07058300,1.23000000,0
1503071690,18763830,0.07040069,25.00000000,1
1503071569,18763716,0.07040053,50.00000000,1
1503071507,18763682,0.07058317,0.10103000,0
1503071496,18763665,0.07058317,0.09711924,0
1503071493,18763661,0.07058317,0.19692800,0
1503071489,18763659,0.07058317,0.25307200,1
1503071443,18763641,0.07040032,47.37038828,1
1503071442,18763640,0.07040033,2.62961172,1
1503071133,18763525,0.07035030,0.87808200,1
1503071133,18763524,0.07045500,0.50000000,1
1503071132,18763520,0.07045501,0.16208230,1
1503071095,18763496,0.07050000,0.10139922,0
1503070833,18763252,0.07045003,1.08321579,1
1503070819,18763245,0.07050000,2.11014184,0
1503070817,18763243,0.07050000,5.83400000,0
1503070773,18763212,0.07045000,0.95095300,0
1503070772,18763210,0.07044999,2.91695649,0
1503070737,18763183,0.07036000,8.99649384,1
1503070737,18763181,0.07036001,1.00350616,1
1503070629,18763089,0.07059021,0.14166270,0
1503070624,18763087,0.07050000,4.00000000,1
1503070595,18763068,0.07059032,20.00000000,0
1503070544,18763047,0.07059047,12.36616437,0
1503070544,18763046,0.07059047,3.50000000,0
1503070489,18762981,0.07040008,0.76254500,1
1503070414,18762926,0.07028182,0.00002376,1
1503070413,18762922,0.07041091,0.67530924,0
1503070412,18762921,0.07041091,1.21000000,1
1503070187,18762730,0.07063499,0.97467275,1
1503069844,18762490,0.07030051,3.50000000,1
1503069797,18762315,0.07058755,48.15456000,0
1503069796,18762313,0.07058755,2.92437298,0
1503069796,18762311,0.07058755,0.00000502,0
1503069771,18762287,0.07058755,0.19972600,0
1503069766,18762270,0.07058717,2.23834950,1
1503069766,18762269,0.07058717,2.69025000,1
1503069766,18762268,0.07058717,1.88550000,1
1503069763,18762264,0.07058718,15.58348581,0
1503069755,18762241,0.07058718,0.15730723,0
1503069674,18762027,0.07058719,1.21407342,0
1503069674,18762025,0.07058719,0.91112260,0
1503069673,18762023,0.07058719,4.55561298,0
1503069665,18762001,0.07058720,0.40000000,0
1503069440,18761831,0.07035002,1.17873300,1
1503069399,18761806,0.07035002,0.43126679,1
1503069231,18761651,0.07059987,1.42566834,0
1503069186,18761612,0.07048000,0.73143601,0
1503069182,18761604,0.07048000,1.26856399,0
1503069132,18761568,0.07049265,3.10616240,0
1503069025,18761385,0.07049280,2.10366165,0
1503069010,18761357,0.07049281,3.24052906,1
1503069008,18761348,0.07049282,2.27013190,1
1503068997,18761338,0.07049284,15.60442167,0
1503068995,18761335,0.07049284,2.27003196,0
1503068946,18761305,0.07049286,1.53165866,0
1503068876,18761262,0.07049286,5.85035136,0
1503068873,18761256,0.07047400,0.15606835,0
1503068872,18761255,0.07047400,0.90000000,1
1503068796,18761183,0.07031009,0.50809300,1
1503068646,18761061,0.07032000,1.25572699,0
1503068644,18761060,0.07032000,6.39343400,0
1503068630,18761050,0.07032000,4.35083901,0
1503068616,18761026,0.07034999,0.93991483,1
1503068611,18761019,0.07034999,0.75066108,0
1503068558,18760943,0.07025000,2.85494400,1
1503068553,18760938,0.07025000,2.81044700,1
1503068544,18760934,0.07025000,5.64680100,1
1503068544,18760932,0.07025000,0.41000000,1
1503068506,18760913,0.07049364,14.18567689,0
1503068477,18760895,0.07049370,6.44437048,0
1503068476,18760894,0.07049370,0.61608849,0
1503068475,18760893,0.07034996,10.00000000,1
1503068475,18760892,0.07034996,4.24708863,0
1503068472,18760886,0.07025000,9.59000000,1
1503068425,18760833,0.07049379,2.52712515,0
1503068413,18760825,0.07025000,1.74234200,1
1503068407,18760806,0.07025000,0.90282900,1
1503068406,18760801,0.07025000,9.87000000,1
1503068380,18760781,0.07025000,0.13000000,1
1503068335,18760731,0.07020003,0.00004667,0
1503068335,18760730,0.07020003,0.15631333,0
1503068306,18760707,0.07030000,3.23325200,1
1503068215,18760642,0.07049479,0.70927227,0
1503068106,18760594,0.07049512,3.00000000,0
1503068047,18760559,0.07030000,6.33802200,1
1503068037,18760531,0.07030000,0.13421800,1
1503068035,18760524,0.07030000,0.29450800,1
1503068034,18760520,0.07030000,0.09739246,1
1503068032,18760509,0.07030000,0.61206700,1
1503068031,18760505,0.07030001,0.41072432,1
1503068029,18760497,0.07030001,0.31726100,1
1503068023,18760475,0.07030001,2.75766600,1
1503068012,18760425,0.07030001,2.00000000,1
1503068001,18760386,0.07030001,0.73854700,1
1503067989,18760352,0.07030001,0.64055400,1
1503067703,18760080,0.07030000,1.00000000,1
1503067572,18759950,0.07030001,0.53740000,1
1503067426,18759859,0.07039114,1.42102700,1
1503067336,18759795,0.07039093,0.02016184,1
1503067335,18759793,0.07039094,0.16546267,0
1503067335,18759791,0.07039094,0.11321059,1
1503067326,18759778,0.07062266,0.39992000,0
1503067316,18759768,0.07039090,0.13000000,1
1503067305,18759759,0.07062267,0.21926100,0
1503067279,18759734,0.07062268,4.80880000,0
1503067229,18759640,0.07062268,3.37777800,0
1503067229,18759638,0.07062268,1.19868400,0
1503067222,18759602,0.07062269,0.17131038,0
1503067221,18759598,0.07039049,8.05860407,1
1503067216,18759584,0.07062271,0.50034896,0
1503067166,18759543,0.07045000,7.58201720,0
1503067165,18759541,0.07045000,0.94323606,0
1503067165,18759536,0.07045000,0.13441511,0
1503067160,18759530,0.07045000,3.76050000,0
1503067159,18759529,0.07045000,3.76050000,0
1503067157,18759527,0.07045000,1.33079000,0
1503067130,18759511,0.07045000,3.02250000,0
1503067129,18759510,0.07045000,3.72924900,0
1503067127,18759508,0.07045000,0.65787400,0
1503067125,18759503,0.07045000,4.06722400,0
1503067117,18759501,0.07045000,1.87000000,0
1503067114,18759500,0.07045000,2.81059100,0
1503066975,18759251,0.07037000,1.00000000,1
1503066968,18759232,0.07061690,1.00000000,0
1503066758,18758876,0.07062290,0.14159713,0
1503066754,18758870,0.07062292,4.00000000,0
1503066723,18758820,0.07020004,4.36960979,1
1503066710,18758798,0.07063505,1.64189025,0
1503066676,18758677,0.07012536,30.01102592,0
1503066675,18758675,0.07020000,0.30000000,1
1503066675,18758674,0.07020000,5.00000000,1
1503066675,18758673,0.07021550,5.03308779,1
1503066675,18758671,0.07021553,6.68800000,0
1503066675,18758670,0.07021553,2.13627953,1
1503066674,18758669,0.07025000,0.40000000,1
1503066674,18758667,0.07025001,0.42160676,1
1503066630,18758585,0.07075416,2.12001669,0
1503066584,18758476,0.07035000,1.00000000,1
1503066533,18758397,0.07037997,1.88000000,0
1503066349,18758153,0.07044997,0.24545074,0
1503066346,18758145,0.07030000,5.00000000,1
1503066328,18758137,0.07025025,1.70689399,1
1503066324,18758134,0.07059952,0.29878778,0
1503066324,18758133,0.07040000,0.01483437,0
1503066318,18758122,0.07025022,1.86243901,1
1503066311,18758105,0.07025019,0.86243964,1
1503066311,18758104,0.07030000,1.00000000,1
1503066306,18758097,0.07040000,0.80380000,0
1503066304,18758091,0.07040000,0.18136563,0
1503066303,18758087,0.07025017,1.70689593,1
1503066274,18758064,0.07059979,0.31967838,0
1503066271,18758055,0.07032002,2.93128146,1
1503066270,18758054,0.07032002,0.15816916,1
1503066268,18758050,0.07035000,1.00000000,1
1503066244,18757994,0.07032059,2.31708796,1
1503066238,18757987,0.07059988,0.35235225,0
1503066234,18757975,0.07032056,2.31708796,1
1503066228,18757964,0.07032055,2.31708796,1
1503066162,18757858,0.07040001,1.28000000,1
1503066139,18757750,0.07032050,5.64637900,1
1503066081,18757597,0.07032025,4.24315493,1
1503066050,18757527,0.07075459,1.27200000,0
1503066034,18757481,0.07075462,2.30447568,0
1503066034,18757480,0.07059000,0.00717991,0
1503066032,18757469,0.07059000,0.11432009,0
1503066025,18757399,0.07032002,0.33572231,1
1503066010,18757322,0.07032000,4.76749399,0
1503066007,18757312,0.07032000,2.59463000,0
1503066006,18757307,0.07032000,1.49812200,0
1503066000,18757283,0.07032000,0.14475353,0
1503065995,18757244,0.07032000,0.15089925,0
1503065978,18757201,0.07032000,0.24005972,0
1503065973,18757187,0.07032000,9.89362911,0
1503065960,18757171,0.07032000,0.50041240,0
1503065953,18757163,0.07030000,5.00000000,1
1503065946,18757159,0.07030000,0.80517000,1
1503065938,18757151,0.07033999,0.50029862,0
1503065923,18757116,0.07030000,0.51527200,1
1503065922,18757115,0.07030000,0.46867800,1
1503065915,18757110,0.07030000,0.23333900,1
1503065913,18757106,0.07030000,0.21091039,1
1503065903,18757097,0.07034999,1.27930000,0
1503065884,18757086,0.07035000,0.20036000,0
1503065812,18756966,0.07030000,0.00007809,1
1503065811,18756960,0.07030000,19.63918919,1
1503065810,18756952,0.07030000,0.16073272,1
1503065795,18756941,0.07030000,0.20000000,1
1503065690,18756778,0.07049904,1.27660000,0
1503065607,18756673,0.07032000,0.14655000,1
1503065547,18756627,0.07039900,0.37000525,0
1503065506,18756604,0.07039900,0.62988110,0
1503065501,18756599,0.07032000,1.41851497,1
1503065501,18756598,0.07032000,1.90815903,1
1503065441,18756550,0.07032000,1.09184097,1
1503065441,18756549,0.07032009,3.00000000,1
1503065441,18756548,0.07032009,2.69270803,1
1503065427,18756545,0.07032009,1.67346000,1
1503065426,18756544,0.07032009,0.47428000,1
1503065425,18756543,0.07049958,1.27660000,0
1503065421,18756538,0.07032009,0.19995100,1
1503065400,18756537,0.07032009,16.42738400,1
1503065399,18756536,0.07032009,6.52737400,1
1503065323,18756492,0.07032009,1.79736100,1
1503065310,18756484,0.07032009,8.09318433,1
1503065310,18756482,0.07035000,0.24081567,1
1503065310,18756479,0.07035000,1.16103379,1
1503065308,18756472,0.07035000,0.09815054,1
1503065256,18756394,0.07035000,1.50000000,1
1503065184,18756308,0.07032006,18.66416352,1
1503065183,18756306,0.07032007,11.66536901,0
1503065183,18756305,0.07032007,0.23631944,1
1503065122,18756269,0.07029000,0.00003664,0
1503065117,18756260,0.07029000,0.15665336,0
1503065114,18756257,0.07040000,1.53996000,1
1503065109,18756244,0.07041000,0.69517000,1
1503065101,18756234,0.07041000,0.15670000,1
1503065088,18756219,0.07041000,1.00000000,1
1503065087,18756216,0.07041000,0.14813000,1
1503065081,18756199,0.07046992,0.49992961,0
1503065072,18756191,0.07046992,2.18107243,0
1503065065,18756155,0.07046992,0.50000000,0
1503065062,18756145,0.07040000,0.15670000,1
1503065057,18756136,0.07046992,0.21182178,0
1503065055,18756131,0.07040001,0.15670000,1
1503065045,18756121,0.07040000,0.15667000,1
1503065042,18756119,0.07046996,4.14637500,0
1503065042,18756118,0.07046995,2.57780500,0
1503065021,18756106,0.07040000,35.00815900,1
1503065021,18756105,0.07042000,9.33261000,1
1503065021,18756104,0.07042000,0.15667000,1
1503065019,18756103,0.07042000,2.01000000,1
1503065012,18756101,0.07042000,5.87400000,1
1503065009,18756098,0.07042000,0.15667000,1
1503065001,18756090,0.07042000,2.47005000,1
1503065001,18756089,0.07042000,0.52995000,1
1503064997,18756085,0.07042000,0.15667000,1
1503064988,18756082,0.07042000,0.15669000,1
1503064982,18756077,0.07042000,0.15669000,1
1503064975,18756075,0.07040000,1.97200000,1
1503064972,18756074,0.07040000,0.15669000,1
1503064967,18756072,0.07040000,0.15669000,1
1503064957,18756068,0.07040000,0.15669000,1
1503064951,18756063,0.07040001,0.11523000,1
1503064941,18756056,0.07040000,14.99000000,1
1503064926,18756051,0.07040000,1.85200000,1
1503064918,18756049,0.07040000,7.75444100,1
1503064913,18756045,0.07042000,1.00000000,1
1503064867,18756024,0.07040000,0.10000000,1
1503064855,18756020,0.07040001,1.06037500,1
1503064848,18756019,0.07042000,0.16790500,1
1503064848,18756018,0.07042000,0.58300000,1
1503064848,18756017,0.07042005,1.41649999,1
1503064837,18756015,0.07045000,0.14230700,1
1503064791,18755966,0.07045001,1.40220000,0
1503064752,18755952,0.07045000,0.20000000,1
1503064720,18755941,0.07045000,0.14286000,1
1503064715,18755940,0.07045000,0.14556000,1
1503064653,18755917,0.07059000,0.07899000,0
1503064586,18755893,0.07045000,0.13900000,1
1503064586,18755892,0.07045140,0.12150000,1
1503064566,18755858,0.07059999,0.14164308,0
1503064450,18755818,0.07055105,0.35469000,1
1503064429,18755801,0.07055105,0.15628000,1
1503064425,18755789,0.07058999,0.13421734,0
1503064413,18755767,0.07055105,0.17532000,1
1503064413,18755766,0.07055105,0.00008170,1
1503064380,18755724,0.07055105,4.13325430,1
1503064341,18755689,0.07055105,0.15628000,1
1503064332,18755682,0.07055105,0.15628000,1
1503064325,18755678,0.07055105,0.15628000,1
1503064315,18755671,0.07055105,0.15628000,1
1503064305,18755665,0.07055105,0.15628000,1
1503064296,18755663,0.07055105,0.08526400,1
1503064296,18755662,0.07055105,0.06090600,1
1503064262,18755645,0.07064998,0.13463255,0
1503064250,18755639,0.07055105,0.15628000,1
1503064235,18755635,0.07055105,0.15628000,1
1503064231,18755620,0.07055105,0.12100000,1
1503064229,18755618,0.07055105,6.10400000,1
1503064213,18755614,0.07055105,0.15628000,1
1503064201,18755607,0.07055105,1.41695000,1
1503064199,18755604,0.07055105,1.36113100,1
1503064196,18755603,0.07055105,0.46717300,1
1503064195,18755601,0.07055105,0.11221036,1
1503064149,18755588,0.07076814,1.00000000,0
1503064099,18755569,0.07055105,0.27628000,1
1503064083,18755558,0.07055108,1.28000000,1
1503064073,18755553,0.07055108,0.20000000,1
1503063957,18755485,0.07076817,0.14122001,0
1503063872,18755367,0.07057819,0.35258527,1
1503063872,18755366,0.07060000,0.80730000,1
1503063872,18755365,0.07060872,0.00000037,1
1503063807,18755339,0.07060872,4.70946900,1
1503063803,18755337,0.07060874,0.85403025,1
1503063802,18755336,0.07060878,4.02991834,1
1503063652,18755147,0.07070000,5.00000000,1
1503063642,18755138,0.07070001,2.95739300,1
1503063625,18755126,0.07070001,0.83588800,1
1503063617,18755118,0.07070001,0.54000000,1
1503063615,18755115,0.07070001,0.77924800,1
1503063615,18755114,0.07084500,0.15000000,1
1503063605,18755110,0.07095800,0.28185687,0
1503063434,18754993,0.07095802,0.14092840,0
1503063415,18754971,0.07095802,0.19973102,0
1503063388,18754917,0.07095803,0.14092838,0
1503063349,18754851,0.07095804,1.97160000,0
1503063346,18754847,0.07095805,1.76167467,0
1503063343,18754840,0.07095805,0.14294969,0
1503063240,18754756,0.07095779,0.38933300,1
1503063239,18754753,0.07095779,2.99996493,0
1503063239,18754752,0.07095779,15.13168200,1
1503063239,18754751,0.07095779,5.05636900,1
1503063237,18754750,0.07095778,0.38933860,0
1503063233,18754727,0.07095779,11.24869588,0
1503063230,18754704,0.07095781,6.39050534,0
1503063230,18754702,0.07095780,3.53165300,0
1503063229,18754693,0.07095780,3.53165303,1
1503063228,18754692,0.07094100,0.15000000,0
1503063123,18754598,0.07082202,0.12000000,1
1503063116,18754596,0.07087500,0.12000000,1
1503063056,18754542,0.07094839,0.50000000,1
1503063017,18754390,0.07094840,4.85453000,0
1503063017,18754388,0.07089400,0.12000000,0
1503062811,18754130,0.07070014,0.20000000,1
1503062749,18754025,0.07082500,5.76085343,0
1503062748,18754024,0.07075096,0.00003257,0
1503062747,18754019,0.07075096,0.49996696,0
1503062746,18754014,0.07082501,0.49996696,0
1503062743,18754012,0.07089908,0.00000047,1
1503062737,18753999,0.07089908,1.73671000,1
1503062737,18753998,0.07089908,3.20574800,1
1503062734,18753994,0.07089907,7.36444153,0
1503062731,18753982,0.07089907,8.91555847,0
1503062728,18753975,0.07089909,3.01041300,1
1503062695,18753920,0.07089914,0.41418794,0
1503062688,18753899,0.07089915,0.14262244,0
1503062688,18753897,0.07089915,2.20078000,0
1503062601,18753751,0.07074044,0.20000000,1
1503062388,18753526,0.07070070,0.20000000,1
1503061990,18753132,0.07095816,4.70946937,0
1503061990,18753131,0.07095137,1.87000000,0
1503061990,18753130,0.07095137,0.38849036,0
1503061990,18753129,0.07082924,0.00005027,0
1503061981,18753112,0.07070973,0.36200000,1
1503061976,18753101,0.07070971,0.15606157,1
1503061971,18753093,0.07070969,0.43114028,1
1503061960,18753089,0.07070964,0.33390221,1
1503061959,18753087,0.07070964,0.20000000,1
1503061947,18753075,0.07070959,0.15599000,1
1503061937,18753056,0.07070959,0.20000000,1
1503061927,18753047,0.07070955,0.19023000,1
1503061911,18753023,0.07070947,20.45603730,1
1503061911,18753022,0.07070947,5.55841501,1
1503061911,18753020,0.07070948,1.87000000,1
1503061795,18752910,0.07070926,0.26400000,1
1503061784,18752899,0.07070921,0.37700000,1
1503061780,18752896,0.07070920,0.33800000,1
1503061776,18752890,0.07070918,0.16944173,1
1503061776,18752889,0.07070918,0.17755827,1
1503061771,18752883,0.07070916,0.41100000,1
1503061767,18752880,0.07070915,0.37500000,1
1503061762,18752874,0.07070913,0.50000000,1
1503061758,18752866,0.07082923,0.14560363,1
1503061747,18752847,0.07070906,0.03916264,0
1503061747,18752845,0.07070906,0.16083736,0
1503061727,18752815,0.07082924,0.91516448,0
1503061727,18752809,0.07082905,0.00007647,0
1503061726,18752806,0.07082905,4.11575658,0
1503061725,18752803,0.07082906,2.51009400,0
1503061725,18752799,0.07057903,0.60000000,1
1503061674,18752704,0.07082913,0.65538871,0
1503061539,18752619,0.07057827,0.20000000,1
1503061422,18752554,0.07056050,0.15625000,1
1503061413,18752548,0.07056045,0.15625000,1
1503061405,18752547,0.07056042,0.14178000,1
1503061395,18752545,0.07056037,0.10852000,1
1503061383,18752537,0.07056032,0.15625000,1
1503061338,18752522,0.07082924,0.50068305,0
1503061181,18752385,0.07075828,0.19994642,0
1503061168,18752360,0.07055054,0.20000000,1
1503061139,18752341,0.07081847,3.46795235,0
1503061070,18752319,0.07055020,0.14220000,1
1503061060,18752317,0.07055016,0.15637000,1
1503061046,18752311,0.07055011,0.15637000,1
1503061026,18752297,0.07055004,0.13281086,1
1503060994,18752284,0.07081859,1.27250304,0
1503060994,18752283,0.07060000,0.00003696,0
1503060988,18752279,0.07060000,0.99946416,0
1503060983,18752275,0.07053085,0.17711000,1
1503060971,18752268,0.07053081,0.20000000,1
1503060960,18752263,0.07053079,0.15635000,1
1503060951,18752244,0.07053076,0.20000000,1
1503060858,18752200,0.07053049,0.14218000,1
1503060850,18752198,0.07053047,0.15633000,1
1503060844,18752192,0.07053045,0.15633000,1
1503060835,18752185,0.07053043,0.15633000,1
1503060825,18752159,0.07053041,0.14218000,1
1503060819,18752154,0.07053039,0.15633000,1
1503060809,18752151,0.07053035,0.15633000,1
1503060800,18752147,0.07053032,0.15633000,1
1503060790,18752142,0.07053029,0.15633000,1
1503060771,18752129,0.07053023,0.14232000,1
1503060738,18752107,0.07053018,0.15654000,1
1503060718,18752098,0.07053013,0.15654000,1
1503060708,18752094,0.07053012,0.14238000,1
1503060696,18752086,0.07053009,0.15654000,1
1503060689,18752079,0.07082917,8.79079000,0
1503060686,18752076,0.07053006,0.15654000,1
1503060685,18752073,0.07082917,0.21413522,0
1503060677,18752066,0.07053003,0.15655000,1
1503060664,18752049,0.07052025,0.40000000,1
1503060654,18752037,0.07082923,13.13730941,0
1503060654,18752036,0.07080000,0.25530000,0
1503060652,18752032,0.07079935,1.15000000,0
1503060646,18752021,0.07052019,0.12571300,1
1503060642,18752008,0.07052019,0.15416300,1
1503060640,18751999,0.07055400,0.15416300,1
1503060637,18751997,0.07055400,0.34583698,1
1503060637,18751996,0.07055400,0.15416302,1
1503060628,18751984,0.07055400,0.04579755,0
1503060628,18751983,0.07055400,0.15420245,0
1503060617,18751970,0.07052017,0.14302100,1
1503060614,18751969,0.07052016,0.50000000,1
1503060612,18751968,0.07052016,0.50000000,1
1503060609,18751963,0.07052016,0.14302100,1
1503060608,18751962,0.07052016,0.01351892,1
1503060608,18751961,0.07052017,0.14302108,1
1503060602,18751950,0.07052015,0.35655000,1
1503060592,18751944,0.07062000,0.18698000,0
1503060591,18751940,0.07062000,0.16758548,0
1503060589,18751937,0.07052012,0.14239000,1
1503060569,18751934,0.07052005,0.14239000,1
1503060563,18751933,0.07052003,0.15655000,1
1503060553,18751923,0.07052003,0.15657000,1
1503060540,18751911,0.07052000,0.35457000,1
1503060531,18751901,0.07050036,0.15657000,1
1503060520,18751898,0.07050034,0.20000000,1
1503060505,18751893,0.07050030,0.20000000,1
1503060486,18751859,0.07050027,0.15657000,1
1503060478,18751853,0.07050025,0.14241000,1
1503060465,18751848,0.07050021,0.15678000,1
1503060452,18751847,0.07050018,0.20000000,1
1503060445,18751846,0.07065785,3.45269234,0
1503060445,18751845,0.07062000,1.99080452,0
1503060443,18751844,0.07050016,0.15678000,1
1503060428,18751843,0.07050012,0.15657000,1
1503060421,18751842,0.07050011,0.15394000,1
1503060418,18751841,0.07062000,7.27324600,0
1503060415,18751840,0.07062000,0.17204900,0
1503060411,18751838,0.07050008,0.15394000,1
1503060406,18751837,0.07050007,0.15394000,1
1503060400,18751835,0.07062000,2.19838700,0
1503060398,18751834,0.07050006,0.19991000,1
1503060386,18751823,0.07050003,0.14169000,1
1503060338,18751810,0.07050003,0.15672000,1
1503060323,18751792,0.07050003,0.17739000,1
1503060257,18751697,0.07050001,0.25882896,1
1503060251,18751694,0.07050001,0.18700000,1
1503060243,18751685,0.07050000,0.04554000,1
1503060243,18751683,0.07050001,0.15446000,1
1503060229,18751666,0.07050001,0.15446000,0
1503060200,18751620,0.07050000,0.44400000,1
1503060196,18751610,0.07050000,0.20000000,1
1503060193,18751600,0.07062000,1.26791500,0
1503060172,18751555,0.07050000,0.15647000,1
1503060151,18751511,0.07050000,0.20000000,1
1503060139,18751456,0.07050001,0.20000000,1
1503060056,18751348,0.07059999,0.03038243,0
1503060056,18751347,0.07050000,0.14834757,0
1503060032,18751311,0.07050000,0.23106900,0
1503059985,18751261,0.07060000,3.08496000,0
1503059981,18751256,0.07060000,0.35370226,0
1503059959,18751181,0.07060000,0.81991916,0
1503059951,18751159,0.07060000,0.39065574,0
1503059943,18751142,0.07060000,5.57836100,0
1503059943,18751141,0.07057800,3.21196900,0
1503059936,18751135,0.07057800,2.78803100,0
1503059784,18751055,0.07042023,1.87000000,1
1503059634,18750974,0.07042032,1.00000000,1
1503059494,18750912,0.07042009,0.20000000,1
1503059455,18750871,0.07042005,0.25000000,1
1503059429,18750816,0.07057998,0.35956100,0
1503059298,18750722,0.07057998,1.00000000,0
1503059267,18750706,0.07042000,0.19800000,1
1503059262,18750701,0.07042001,0.19800000,1
1503059238,18750691,0.07045000,2.00000000,1
1503059238,18750690,0.07045000,1.41589780,1
1503059238,18750689,0.07045000,0.27957311,1
1503059234,18750685,0.07045000,0.19800000,1
1503059229,18750684,0.07045000,0.19800000,1
1503059209,18750675,0.07045000,0.15653000,1
1503059201,18750674,0.07045000,0.10000000,1
1503059151,18750650,0.07045000,0.10000000,1
1503059052,18750607,0.07045000,0.15653000,1
1503058878,18750507,0.07045000,0.81136689,1
1503058878,18750506,0.07045002,9.76901003,0
1503058877,18750505,0.07045002,1.41962308,1
1503058790,18750467,0.07045001,0.20000000,1
1503058779,18750463,0.07058998,3.72368100,0
1503058585,18750378,0.07058995,0.51716000,0
1503058484,18750324,0.07057500,1.87000000,0
1503058346,18750246,0.07059992,0.15375005,0
1503058300,18750224,0.07059999,0.20522141,0
1503058269,18750205,0.07055000,2.98938400,1
1503058259,18750200,0.07055000,17.01061568,1
1503058259,18750199,0.07055001,2.97525932,1
1503058252,18750189,0.07055001,2.88105380,1
1503058252,18750188,0.07060872,0.25867036,1
1503058187,18750137,0.07062001,0.15004000,1
1503058051,18750044,0.07094455,4.36960979,0
1503058020,18750024,0.07060872,0.12982000,1
1503057956,18749997,0.07094469,7.61156332,0
1503057952,18749994,0.07061002,0.19800000,1
1503057948,18749993,0.07061000,0.19800000,1
1503057939,18749984,0.07060996,0.19800000,1
1503057935,18749981,0.07060995,0.19800000,1
1503057930,18749975,0.07060995,0.17573000,1
1503057924,18749971,0.07060993,0.19800000,1
1503057917,18749968,0.07060992,0.20000000,1
1503057913,18749961,0.07060991,0.19800000,1
1503057899,18749955,0.07060984,0.09638999,1
1503057899,18749954,0.07075200,0.00699001,1
1503057835,18749932,0.07075200,0.24830999,1
1503057724,18749873,0.07095813,1.34905894,0
1503057722,18749872,0.07094500,0.14470000,0
1503057689,18749857,0.07075200,0.14470000,1
1503057674,18749845,0.07095815,0.16322297,0
1503057444,18749699,0.07095816,0.38849036,0
1503057444,18749698,0.07095816,0.31615023,0
1503057226,18749601,0.07072003,0.20000000,1
1503057040,18749502,0.07071007,0.10108000,1
1503056948,18749486,0.07075008,0.15604000,1
1503056935,18749481,0.07075007,0.20000000,1
1503056923,18749464,0.07075005,0.14987000,1
1503056826,18749418,0.07095815,1.02330584,0
1503056825,18749413,0.07092310,0.66816191,0
1503056713,18749382,0.07092310,0.10942809,0
1503056713,18749381,0.07090000,0.20000000,0
1503056713,18749380,0.07089998,0.28372691,0
1503056711,18749378,0.07089998,0.27900000,0
1503056656,18749350,0.07089998,3.10835876,0
1503056656,18749349,0.07087879,0.20000000,0
1503056655,18749348,0.07080073,0.00004124,0
1503056524,18749276,0.07080073,0.13995876,0
1503056524,18749275,0.07080073,0.13840002,0
1503056517,18749267,0.07089989,0.00159998,1
1503056515,18749255,0.07089989,0.14000000,1
1503056509,18749246,0.07089998,1.32891433,0
1503056493,18749184,0.07089989,0.13270404,0
1503056487,18749155,0.07089989,0.13159438,0
1503056470,18749084,0.07083660,0.14189012,0
1503056454,18749007,0.07083604,0.13222138,0
1503056449,18748979,0.07083739,0.14193858,0
1503056205,18748571,0.07089000,13.43013070,1
1503056204,18748570,0.07089000,6.00000000,1
1503056203,18748568,0.07083869,0.20000000,0
1503056202,18748567,0.07083868,0.11977573,0
1503056202,18748566,0.07074000,0.15000000,0
1503056202,18748565,0.07074000,0.10000000,0
1503056202,18748564,0.07068000,0.00009357,0
1503056192,18748561,0.07050000,0.15000000,1
1503056156,18748536,0.07050000,0.10000000,1
1503056013,18748504,0.07068000,1.41782100,0
1503055959,18748457,0.07067996,2.00209000,0
1503055958,18748454,0.07067996,0.14340779,0
1503055910,18748430,0.07067997,1.27334519,0
1503055909,18748429,0.07067997,0.01736541,0
1503055909,18748428,0.07067997,0.40708299,0
1503055888,18748419,0.07067998,0.88233800,0
1503055838,18748363,0.07068000,0.72355100,0
1503055676,18748202,0.07075000,5.23806230,0
1503055676,18748201,0.07074999,0.84108870,0
1503055665,18748192,0.07075000,0.58540469,0
1503055665,18748191,0.07074999,0.99931331,0
1503055647,18748187,0.07075000,6.95616700,0
1503055530,18748135,0.07081995,1.00000000,0
1503055511,18748132,0.07074000,0.15605000,1
1503055498,18748125,0.07074000,0.15605000,1
1503055487,18748123,0.07074000,0.15605000,1
1503055477,18748122,0.07074000,0.15605000,1
1503055466,18748120,0.07074000,0.15609000,1
1503055466,18748119,0.07081999,1.28000000,0
1503055459,18748116,0.07084999,1.59928314,0
1503055458,18748115,0.07083000,1.00000000,0
1503055456,18748114,0.07083000,1.00000000,0
1503055454,18748110,0.07082000,2.00000000,0
1503055454,18748109,0.07082000,2.00000000,0
1503055453,18748108,0.07081999,0.33031666,0
1503055410,18748064,0.07070011,1.28050000,1
1503055396,18748056,0.07080000,1.28675000,0
1503055387,18748055,0.07080000,0.52072300,0
1503055364,18748042,0.07070004,1.28050000,1
1503055363,18748041,0.07070003,0.20000000,1
1503055362,18748040,0.07080000,0.19252700,0
1503055356,18748036,0.07080000,0.33880100,0
1503055344,18748024,0.07080000,0.14400000,0
1503055341,18748019,0.07070003,0.11433000,1
1503055328,18748011,0.07070001,1.28050000,1
1503055326,18748009,0.07070001,0.39452000,1
1503055309,18748000,0.07060058,0.15624000,1
1503055291,18747973,0.07070001,1.28050000,1
1503055270,18747969,0.07080000,4.14094800,0
1503055269,18747968,0.07080000,0.09403200,0
1503055251,18747958,0.07080000,0.28221900,0
1503055231,18747956,0.07075000,2.31556400,0
1503055217,18747948,0.07075000,2.68443600,0
1503055211,18747946,0.07075000,5.00000000,0
1503055211,18747945,0.07075000,0.16623500,0
1503055211,18747944,0.07074998,1.86000000,0
1503055206,18747941,0.07074999,2.18046270,0
1503055204,18747936,0.07074999,1.49593200,0
1503055203,18747935,0.07074999,0.30000000,0
1503055199,18747933,0.07074000,0.67413700,0
1503055197,18747932,0.07074000,1.32586300,0
1503055167,18747912,0.07074999,0.54060500,0
1503055167,18747911,0.07074000,0.67439500,0
1503055166,18747908,0.07074000,0.46305100,0
1503055162,18747900,0.07074000,0.86255400,0
1503055103,18747878,0.07075000,0.08376500,0
1503055103,18747877,0.07070000,4.86000000,0
1503055103,18747876,0.07065673,0.20000000,0
1503055092,18747871,0.07070000,0.14000000,0
1503055092,18747870,0.07069805,2.00000000,0
1503055092,18747869,0.07069805,3.00000000,0
1503055092,18747868,0.07069000,2.00000000,0
1503055091,18747867,0.07050003,0.20000000,1
1503055050,18747862,0.07065000,2.24058900,0
1503055042,18747852,0.07065000,0.54720800,0
1503055036,18747847,0.07065000,0.21220300,0
1503055034,18747846,0.07065000,0.86747785,0
1503055031,18747842,0.07065000,0.23900000,0
1503055029,18747841,0.07065000,0.75400000,0
1503055024,18747837,0.07065000,0.13952215,0
1503054847,18747626,0.07061000,0.14948900,0
1503054790,18747564,0.07060000,9.02681731,0
1503054790,18747562,0.07059999,1.05518369,0
1503054766,18747507,0.07050000,10.00000000,0
1503054766,18747506,0.07049999,1.36147567,0
1503054766,18747505,0.07049999,0.30901500,0
1503054682,18747473,0.07062909,0.14098559,0
1503054527,18747357,0.07074998,0.41383954,0
1503054527,18747356,0.07070175,0.07249467,0
1503054526,18747355,0.07070174,0.71894363,0
1503054526,18747352,0.07063058,0.20000000,0
1503054526,18747349,0.07049999,3.59471816,0
1503054524,18747343,0.07038000,0.00000400,0
1503054520,18747335,0.07038000,0.29991000,0
1503054464,18747284,0.07038000,0.57973300,0
1503054451,18747276,0.07030000,0.20000000,1
1503054419,18747270,0.07030002,0.20000000,1
1503054405,18747250,0.07030000,0.19452000,1
1503054328,18747201,0.07038000,0.12035300,0
1503054258,18747101,0.07030000,1.47560800,1
1503054189,18747067,0.07030000,0.52439200,1
1503054132,18747044,0.07035000,1.00000000,1
1503053918,18746895,0.07037464,14.00129180,1
1503053744,18746765,0.07064988,7.07715286,0
1503053600,18746659,0.07065817,8.42369240,1
1503053600,18746658,0.07065817,10.13750878,1
1503053598,18746656,0.07040000,0.12062972,0
1503053563,18746574,0.07040000,0.20000000,1
1503053560,18746569,0.07040000,8.09622000,0
1503053414,18746376,0.07027383,4.50724895,1
1503053414,18746375,0.07027383,0.42541900,1
1503053413,18746374,0.07028000,1.00000000,1
1503053282,18746296,0.07028000,1.00000000,1
1503053226,18746244,0.07027383,9.16520000,1
1503053226,18746242,0.07030000,1.00000000,1
1503053147,18746174,0.07032500,9.97804150,1
1503053140,18746172,0.07035000,0.80000000,1
1503053134,18746171,0.07035000,0.20000000,1
1503053053,18746051,0.07032500,0.17851958,1
1503053052,18746045,0.07039099,0.00000038,1
1503053052,18746043,0.07039099,0.00000004,1
1503053051,18746042,0.07040000,0.32148000,1
1503053047,18746031,0.07040000,0.20000000,1
1503053040,18746020,0.07040000,0.19991000,1
1503053034,18746012,0.07040000,0.12687000,1
1503053034,18746011,0.07044000,0.07286000,1
1503053028,18746004,0.07044000,1.00000000,0
1503053026,18746003,0.07040000,0.19988000,1
1503053022,18745996,0.07040000,0.19988000,1
1503053018,18745991,0.07040000,0.19991000,1
1503053013,18745988,0.07040000,0.19991000,1
1503053011,18745981,0.07040000,0.35216000,1
1503053010,18745980,0.07040000,3.20084000,1
1503053005,18745975,0.07040000,0.19991000,1
1503052997,18745962,0.07040000,0.19991000,1
1503052989,18745960,0.07040000,0.19991000,1
1503052984,18745957,0.07040000,0.19991000,1
1503052976,18745953,0.07040000,0.19969000,1
1503052972,18745952,0.07040000,0.20000000,1
1503052964,18745949,0.07040000,0.20000000,1
1503052960,18745945,0.07040000,0.19992000,1
1503052954,18745937,0.07040000,0.19991000,1
1503052944,18745933,0.07040000,0.12076028,1
1503052942,18745932,0.07040000,1.30908100,1
1503052940,18745931,0.07040000,0.19991000,1
1503052934,18745929,0.07040000,0.19969000,1
1503052930,18745927,0.07040000,0.17055872,1
1503052930,18745926,0.07040000,0.02909128,1
1503052927,18745924,0.07040000,0.20000000,1
1503052917,18745918,0.07040000,0.19965000,1
1503052914,18745917,0.07040000,0.19965000,1
1503052905,18745914,0.07040000,0.19965000,1
1503052902,18745913,0.07040000,0.19991000,1
1503052893,18745912,0.07040000,0.20000000,1
1503052889,18745909,0.07040000,0.19965000,1
1503052885,18745906,0.07040000,0.00216270,1
1503052885,18745905,0.07040001,0.19748730,1
1503052881,18745902,0.07040000,0.19965000,1
1503052877,18745890,0.07040000,0.19965000,1
1503052873,18745885,0.07040000,0.17093602,1
1503052873,18745884,0.07040000,0.02871398,1
1503052869,18745881,0.07040000,0.19991000,1
1503052860,18745842,0.07045994,0.14860259,0
1503052860,18745839,0.07040000,0.19991000,1
1503052852,18745832,0.07040000,0.19991000,1
1503052848,18745829,0.07040000,0.19991000,1
1503052797,18745797,0.07040000,0.19800000,1
1503052793,18745793,0.07040000,0.19800000,1
1503052758,18745782,0.07040000,0.19991000,1
1503052754,18745781,0.07040000,0.19991000,1
1503052750,18745773,0.07040000,0.19961000,1
1503052748,18745769,0.07040000,6.10999000,1
1503052744,18745765,0.07040000,0.13937302,1
1503052743,18745762,0.07040000,0.20000000,1
1503052731,18745713,0.07040000,0.19800000,1
1503052722,18745704,0.07040000,0.19800000,1
1503052717,18745699,0.07040000,0.19800000,1
1503052713,18745696,0.07040000,0.19800000,1
1503052709,18745695,0.07040000,0.19800000,1
1503052702,18745690,0.07040000,0.19800000,1
1503052698,18745688,0.07040000,0.19800000,1
1503052693,18745685,0.07040000,0.19800000,1
1503052646,18745660,0.07040000,0.14285300,1
1503052557,18745594,0.07040000,9.99992898,1
1503052469,18745528,0.07050000,0.37458453,0
1503052449,18745519,0.07039099,3.53247800,1
1503052449,18745517,0.07040000,10.00000000,1
1503052362,18745459,0.07045000,6.32559000,1
1503052353,18745445,0.07045000,3.67441000,1
1503052352,18745443,0.07045001,1.78000000,1
1503052243,18745344,0.07074977,40.70684611,0
1503052241,18745343,0.07039099,9.51915602,1
1503052241,18745342,0.07039100,0.58833998,1
1503052236,18745336,0.07039099,1.03730494,1
1503052236,18745334,0.07039100,2.32897024,1
1503052236,18745333,0.07041000,0.16620282,1
1503052233,18745326,0.07041001,0.51413343,1
1503052228,18745322,0.07050000,0.20000000,1
1503052227,18745321,0.07055001,2.56764761,1
1503052227,18745320,0.07055001,0.16623500,1
1503052208,18745267,0.07055001,0.08376500,1
1503052187,18745242,0.07055001,1.25794200,1
1503052163,18745220,0.07062002,1.69378900,1
1503052011,18745059,0.07062002,0.30621100,1
1503051517,18744630,0.07062000,1.51842255,1
1503051508,18744607,0.07062000,0.23895498,1
1503051508,18744605,0.07062000,0.13893530,1
1503051336,18744479,0.07058910,0.00137377,0
1503051306,18744465,0.07069000,0.60000000,1
1503051306,18744464,0.07069000,0.31615023,1
1503051289,18744454,0.07070000,3.39249400,1
1503051280,18744429,0.07070000,2.85651500,1
1503051280,18744424,0.07070000,0.35849700,1
1503051276,18744416,0.07070000,3.39249400,1
1503051276,18744414,0.07070001,5.00000000,1
1503051276,18744413,0.07070002,0.37938700,1
1503051274,18744408,0.07070002,1.62061300,1
1503051168,18744325,0.07083000,0.70591557,0
1503051012,18744241,0.07075023,0.00135000,1
1503051012,18744240,0.07075200,0.90000000,1
1503050983,18744220,0.07075020,0.23366719,1
1503050956,18744210,0.07075020,0.25837676,1
1503050802,18744067,0.07088899,0.12816136,0
1503050616,18743922,0.07088882,1.77517413,0
1503050614,18743921,0.07080000,0.20000000,0
1503050451,18743840,0.07079999,1.00200000,0
1503050450,18743838,0.07071010,3.34063800,1
1503050447,18743834,0.07079999,0.28084800,0
1503050428,18743829,0.07071007,0.11010000,1
1503050428,18743828,0.07071500,0.20000000,1
1503050077,18743504,0.07068001,1.05189786,1
1503049915,18743427,0.07066017,0.20000000,1
1503049910,18743426,0.07066017,73.00000000,1
1503049832,18743387,0.07072000,1.29458400,0
1503049832,18743386,0.07072000,9.42665961,0
1503049832,18743385,0.07071999,3.20234039,0
1503049827,18743379,0.07071999,0.31808300,0
1503049754,18743305,0.07060113,61.62557918,1
1503049754,18743304,0.07060114,0.65317724,1
1503049754,18743303,0.07065000,10.00000000,1
1503049753,18743302,0.07065000,0.72124358,1
1503049735,18743283,0.07072000,7.79256300,0
1503049723,18743270,0.07072000,1.48619300,0
1503049652,18743231,0.07065000,9.27875642,1
1503049652,18743230,0.07065001,0.72124358,1
1503049642,18743225,0.07072648,0.70682931,0
1503049642,18743224,0.07072647,0.42409769,0
1503049638,18743222,0.07072000,7.09406149,0
1503049637,18743218,0.07071999,1.50272906,0
1503049618,18743202,0.07072000,0.29000000,0
1503049614,18743200,0.07072000,3.19327500,0
1503049596,18743194,0.07073999,0.89423068,0
1503049596,18743193,0.07073999,0.57776932,0
1503049577,18743164,0.07070000,0.25688900,0
1503049546,18743145,0.07070000,0.11221500,0
1503049535,18743135,0.07070000,0.63089600,0
1503049514,18743117,0.07065000,1.20364701,1
1503049514,18743114,0.07065002,0.56690699,1
1503049475,18743040,0.07065000,8.79635295,1
1503049475,18743037,0.07065000,0.57723039,1
1503049475,18743035,0.07065001,0.62641666,1
1503049460,18742997,0.07073000,0.16179838,0
1503049438,18742953,0.07073000,9.47036632,0
1503049385,18742914,0.07075000,0.93122261,0
1503049385,18742912,0.07075000,0.14106572,0
1503049383,18742903,0.07079994,0.19997000,1
1503049298,18742812,0.07065000,9.42276961,1
1503049298,18742811,0.07065001,0.57723039,1
1503049281,18742753,0.07067001,0.14187500,0
1503049260,18742745,0.07080000,0.20000000,0
1503049255,18742744,0.07067000,1.46723534,1
1503049160,18742646,0.07060104,0.21452362,0
1503049123,18742613,0.07060104,5.55459200,0
1503049123,18742612,0.07060104,6.23194000,0
1503049122,18742607,0.07060104,0.99996711,0
1503049121,18742602,0.07060104,0.09209667,0
1503049121,18742601,0.07060108,0.78000000,1
1503049121,18742599,0.07060109,0.12688060,1
1503049044,18742530,0.07080000,0.12688000,0
1503049035,18742517,0.07080000,1.30499161,0
1503049035,18742515,0.07078000,0.12688060,0
1503048996,18742486,0.07079999,0.92216114,1
1503048937,18742454,0.07060001,0.89529173,1
1503048861,18742443,0.07060000,1.43187221,1
1503048792,18742393,0.07094802,12.10862665,1
1503048792,18742392,0.07094802,0.33103323,0
1503048792,18742391,0.07094802,1.65516616,0
1503048785,18742380,0.07094803,0.18254700,0
1503048784,18742379,0.07093706,0.32980691,0
1503048784,18742378,0.07080000,0.00652933,0
1503048773,18742368,0.07055001,0.36853290,1
1503048679,18742327,0.07050000,0.71154489,1
1503048679,18742326,0.07050001,0.11680257,1
1503048661,18742313,0.07039100,31.55995308,1
1503048661,18742312,0.07041000,0.15000000,1
1503048661,18742311,0.07050000,5.00000000,1
1503048660,18742310,0.07050001,0.72010966,1
1503048660,18742309,0.07050005,0.14395759,0
1503048660,18742308,0.07057590,0.41337199,1
1503048657,18742307,0.07057590,1.00000000,1
1503048655,18742304,0.07057591,0.13477959,1
1503048392,18742040,0.07069015,8.59999959,0
1503048390,18742039,0.07069015,0.00000041,1
1503048218,18741882,0.07080000,0.08439300,0
1503048213,18741878,0.07080000,0.15144067,0
1503048194,18741864,0.07080000,0.75763700,0
1503048193,18741863,0.07080000,0.82573900,0
1503048185,18741861,0.07080000,0.17426100,0
1503048178,18741859,0.07080000,1.00000000,0
1503048171,18741857,0.07080000,1.00000000,0
1503048171,18741856,0.07080000,1.00000000,0
1503048079,18741782,0.07089963,1.64868502,0
1503048079,18741781,0.07089963,3.96040036,0
1503048047,18741722,0.07089972,6.90571041,0
1503048047,18741720,0.07080000,0.13477959,0
1503048046,18741707,0.07080000,0.86522041,0
1503048045,18741703,0.07080000,0.84511600,0
1503048045,18741698,0.07070000,0.13477959,0
1503047979,18741637,0.07070000,0.70507200,0
1503047977,18741632,0.07070000,0.16014841,0
1503047967,18741627,0.07070000,1.00000000,0
1503047924,18741587,0.07070000,1.00000000,0
1503047836,18741528,0.07080000,0.15488400,0
1503047696,18741299,0.07098988,14.08651486,0
1503047602,18741242,0.07109868,28.12991746,0
1503047454,18741130,0.07069015,1.32117200,1
1503047446,18741126,0.07109924,0.14064848,0
1503047323,18741060,0.07069015,11.93551123,1
1503047323,18741059,0.07069015,1.46297400,1
1503047323,18741058,0.07069016,0.46351477,1
1503047293,18741028,0.07069016,0.30764708,1
1503047292,18741027,0.07069017,0.12797692,1
1503047292,18741026,0.07109970,0.70323785,0
1503047284,18741011,0.07069016,0.71374933,1
1503047275,18741009,0.07069017,0.14271985,1
1503047269,18741003,0.07070000,0.70551626,1
1503047269,18741002,0.07070001,0.12923533,1
1503047236,18740986,0.07077857,0.14704388,1
1503047174,18740961,0.07077857,1.26228100,1
1503047169,18740958,0.07077858,0.14704408,1
1503047160,18740941,0.07077858,0.14804538,1
1503047160,18740940,0.07080000,1.54978813,1
1503047160,18740938,0.07080003,0.13114308,1
1503047160,18740936,0.07095108,0.00000028,1
1503047104,18740841,0.07122980,0.98273475,0
1503046961,18740753,0.07095108,0.74468051,1
1503046961,18740752,0.07095109,0.34267949,1
1503046946,18740746,0.07095109,0.00003358,0
1503046936,18740734,0.07095109,0.56413119,0
1503046935,18740732,0.07095109,0.20502753,1
1503046897,18740709,0.07095109,1.91240469,1
1503046753,18740593,0.07095108,1.11900000,1
1503046689,18740571,0.07095108,0.20300000,1
1503046686,18740568,0.07095108,0.37041800,1
1503046634,18740531,0.07095109,0.51144026,1
1503046634,18740529,0.07095235,0.08477574,1
1503046622,18740517,0.07095236,0.26962400,1
1503046590,18740500,0.07143106,1.50000000,0
1503046318,18740307,0.07143139,1.39987475,0
1503046221,18740233,0.07143139,1.39994476,0
1503046093,18740080,0.07143139,13.99944758,0
1503046037,18740026,0.07143139,6.88525630,0
1503046036,18740024,0.07143138,0.08493370,0
1503045767,18739683,0.07110788,0.82319000,0
1503045753,18739677,0.07110000,0.55558493,0
1503045750,18739672,0.07110000,0.44441507,0
1503045747,18739665,0.07110788,0.79869326,0
1503045747,18739664,0.07110000,0.63058569,0
1503045739,18739654,0.07110000,0.36941431,0
1503045739,18739653,0.07109999,0.63054731,0
1503045734,18739648,0.07110000,1.00000000,0
1503045730,18739644,0.07119999,0.43178183,0
1503045729,18739641,0.07119999,1.48615189,0
1503045683,18739568,0.07119999,2.96811900,1
1503045677,18739564,0.07119999,0.15769927,1
1503045618,18739406,0.07119962,1.15005400,1
1503045616,18739400,0.07110000,0.00000574,0
1503045580,18739360,0.07110000,0.74228300,0
1503045560,18739306,0.07110000,0.11114926,0
1503045479,18739250,0.07110000,0.14656200,0
1503045299,18739173,0.07109991,0.09000000,0
1503044990,18738853,0.07095109,1.89620500,1
1503044950,18738831,0.07095109,0.36251000,1
1503044946,18738830,0.07095109,0.50000000,1
1503044944,18738828,0.07095109,0.50000000,1
1503044940,18738824,0.07095109,0.50000000,1
1503044938,18738823,0.07095109,0.50000000,1
1503044935,18738820,0.07095109,0.40000000,1
1503044931,18738815,0.07095109,0.50000000,1
1503044929,18738812,0.07095109,0.50000000,1
1503044926,18738811,0.07095109,0.50000000,1
1503044923,18738809,0.07095109,0.50000000,1
1503044921,18738808,0.07095109,0.50000000,1
1503044918,18738803,0.07095109,0.50000000,1
1503044915,18738797,0.07095109,0.50000000,1
1503044913,18738794,0.07095108,0.49489900,1
1503044913,18738793,0.07100000,0.00510100,1
1503044910,18738789,0.07100000,0.50000000,1
1503044907,18738777,0.07100000,0.50000000,1
1503044904,18738768,0.07100001,0.50000000,1
1503044901,18738766,0.07100001,0.50000000,1
1503044899,18738765,0.07100002,0.47656826,1
1503044896,18738764,0.07100002,0.50000000,1
1503044894,18738763,0.07100002,0.50000000,1
1503044891,18738761,0.07100002,0.10000000,1
1503044887,18738758,0.07100002,0.50000000,1
1503044879,18738754,0.07100002,0.20000000,1
1503044875,18738751,0.07100002,0.19800000,1
1503044870,18738750,0.07100002,0.19800000,1
1503044865,18738748,0.07100002,0.19800000,1
1503044861,18738747,0.07100002,0.19800000,1
1503044856,18738746,0.07100002,0.19800000,1
1503044852,18738744,0.07100002,0.19800000,1
1503044845,18738739,0.07100002,0.19800000,1
1503044841,18738736,0.07100002,0.19800000,1
1503044833,18738732,0.07100002,0.19800000,1
1503044828,18738726,0.07100002,0.19800000,1
1503044823,18738715,0.07100002,0.19800000,1
1503044815,18738702,0.07100002,0.19800000,1
1503044810,18738700,0.07100002,0.19800000,1
1503044804,18738698,0.07100002,0.19800000,1
1503044802,18738697,0.07100002,1.42243174,1
1503044799,18738695,0.07100002,0.19800000,1
1503044796,18738694,0.07100002,0.19800000,1
1503044792,18738690,0.07100002,0.19800000,1
1503044787,18738689,0.07100002,0.19800000,1
1503044783,18738688,0.07100002,0.19800000,1
1503044704,18738659,0.07100002,0.17089000,0
1503044694,18738656,0.07150016,1.38564221,0
1503044694,18738655,0.07127802,0.20000000,0
1503044692,18738654,0.07121367,0.09367252,0
1503044656,18738633,0.07121367,0.14042248,0
1503044595,18738576,0.07100000,2.41939000,1
1503044572,18738566,0.07100000,0.07550900,0
1503044285,18738302,0.07100000,0.92449100,0
1503044271,18738286,0.07100000,0.61306800,0
1503044270,18738280,0.07100000,0.38693200,0
1503043539,18737619,0.07100003,0.18784000,1
1503043534,18737616,0.07100003,0.20000000,1
1503043491,18737544,0.07100003,0.12259000,1
1503043410,18737474,0.07100003,0.15548000,1
1503043325,18737381,0.07110000,1.00000000,0
1503043317,18737380,0.07110000,1.00000000,0
1503043312,18737377,0.07110000,1.00000000,0
1503043303,18737373,0.07110000,1.00000000,0
1503043216,18737265,0.07110000,1.00000000,0
1503043206,18737241,0.07100003,0.20000000,1
1503043188,18737228,0.07100003,0.12943831,1
1503043086,18737148,0.07110000,1.00000000,0
1503043084,18737147,0.07100003,30.00000000,1
1503043079,18737145,0.07110000,1.00000000,0
1503043049,18737134,0.07100003,1.00000000,1
1503043045,18737132,0.07100000,1.00000000,0
1503043044,18737131,0.07110000,1.00000000,0
1503043041,18737128,0.07100000,1.00000000,0
1503043036,18737123,0.07100000,1.00000000,0
1503043020,18737110,0.07100000,1.00000000,0
1503043011,18737105,0.07110000,1.00000000,0
1503043011,18737104,0.07100000,1.00000000,0
1503043004,18737079,0.07100000,0.00003271,0
1503043003,18737077,0.07100000,0.99996729,0
1503042978,18737060,0.07100000,1.00000000,0
1503042973,18737056,0.07100000,1.00000000,0
1503042746,18736901,0.07080006,0.35181900,1
1503042697,18736877,0.07080869,0.14632169,1
1503042668,18736865,0.07117841,0.28344427,1
1503042663,18736860,0.07117841,0.50000000,1
1503042648,18736848,0.07117841,0.20000000,0
1503042593,18736827,0.07150109,10.43066839,0
1503042592,18736826,0.07097919,0.20000000,0
1503042559,18736809,0.07159861,5.14227241,0
1503042559,18736808,0.07159861,0.14629464,1
1503042559,18736807,0.07150110,0.10000000,0
1503042557,18736806,0.07097919,0.20000000,0
1503042423,18736725,0.07080869,0.13542000,1
1503042151,18736449,0.07097919,0.19996173,0
1503042143,18736440,0.07097919,0.19996173,0
1503042135,18736411,0.07097919,0.19996173,0
1503042130,18736406,0.07097919,0.19996173,0
1503042125,18736398,0.07097919,0.19996173,0
1503042118,18736394,0.07097919,0.20000000,0
1503041818,18736258,0.07110000,0.07350000,0
1503041717,18736205,0.07120000,0.00000022,1
1503041714,18736203,0.07120000,0.24007000,1
1503041701,18736199,0.07120000,0.02992978,0
1503041536,18736105,0.07120000,0.17007022,0
1503041255,18735904,0.07110000,1.00000000,0
1503041248,18735887,0.07110000,1.00000000,0
1503041244,18735882,0.07096000,0.20000000,1
1503041241,18735874,0.07110000,1.00000000,0
1503041233,18735866,0.07110000,1.00000000,0
1503041228,18735856,0.07110000,1.00000000,0
1503041016,18735721,0.07096001,0.08476659,1
1503040895,18735644,0.07145128,0.08039604,0
1503040894,18735643,0.07127802,0.20000000,0
1503040888,18735637,0.07145128,0.00025000,0
1503040888,18735636,0.07127802,0.20000000,0
1503040878,18735618,0.07126799,0.20000000,0
1503040670,18735439,0.07110003,0.49500000,1
1503040670,18735437,0.07110003,0.50000000,1
1503040666,18735435,0.07110002,0.50000000,1
1503040654,18735433,0.07110000,1.98000000,0
1503040473,18735299,0.07145128,3.80511853,0
1503040455,18735295,0.07126072,0.19990762,0
1503040455,18735293,0.07114801,0.00000038,0
1503040326,18735225,0.07114801,14.08893900,0
1503040227,18735125,0.07110295,4.50724895,0
1503040227,18735124,0.07100426,0.20000000,0
1503040103,18735060,0.07110295,9.59061900,0
1503040097,18735058,0.07110294,0.08523489,0
1503040075,18735050,0.07099800,1.42703862,0
1503039833,18734901,0.07100000,0.20732300,0
1503039573,18734764,0.07080869,30.00000000,1
1503039496,18734731,0.07080869,0.20000000,1
1503039489,18734727,0.07080868,10.00000000,1
1503039418,18734714,0.07100000,0.68855100,0
1503039207,18734635,0.07100000,0.10412600,0
1503039187,18734622,0.07077294,3.43724623,1
1503039187,18734621,0.07077294,0.28609362,1
1503038827,18734464,0.07080891,0.19298642,1
1503038803,18734451,0.07105789,0.10000000,0
1503038803,18734450,0.07105789,1.63471331,0
1503038803,18734449,0.07105789,0.47908004,0
1503038665,18734341,0.07105789,2.51937638,0
1503038519,18734285,0.07105789,7.70029211,0
1503038477,18734276,0.07100000,1.00000000,0
1503038274,18734005,0.07105789,1.77334600,0
1503038274,18734003,0.07104994,1.86168300,0
1503038235,18733974,0.07104994,0.30000000,0
1503038198,18733953,0.07104994,0.10000000,0
1503038156,18733945,0.07104994,17.73831700,0
1503038150,18733944,0.07103976,13.25668364,0
1503038144,18733940,0.07103976,1.46297400,0
1503038143,18733939,0.07099687,0.05288576,0
1503038143,18733938,0.07099687,0.14711424,0
1503037730,18733728,0.07099687,0.25088576,0
1503037729,18733727,0.07099687,0.25556000,0
1503037729,18733726,0.07097818,0.20000000,0
1503037729,18733721,0.07090414,0.50000000,0
1503037547,18733613,0.07090414,0.09353319,1
1503037545,18733612,0.07090414,0.20000000,1
1503037538,18733610,0.07090414,0.20744681,0
1503037481,18733575,0.07090414,0.50000000,0
1503037370,18733509,0.07090413,3.88506565,0
1503037369,18733507,0.07086086,0.20000000,0
1503037167,18733406,0.07068627,0.18201806,0
1503037166,18733405,0.07068627,0.01595373,1
1503037161,18733403,0.07068627,0.19800000,1
1503037157,18733401,0.07068627,0.19800000,1
1503037153,18733398,0.07068627,0.19800000,1
1503037149,18733396,0.07068627,0.19800000,1
1503037145,18733394,0.07068627,0.19200000,1
1503037131,18733390,0.07068627,0.00004627,0
1503037060,18733375,0.07068627,0.20003086,0
1503037057,18733374,0.07068627,0.29992287,0
1503037057,18733373,0.07068627,0.00004628,0
1503037055,18733369,0.07068627,0.19995372,0
1503037053,18733367,0.07088893,0.30000000,1
1503037050,18733366,0.07088893,0.50000000,1
1503037040,18733365,0.07088893,0.20000000,0
1503036009,18732959,0.07069900,1.94604700,0
1503035941,18732941,0.07069900,1.50772274,0
1503035941,18732940,0.07069900,1.00000000,0
1503035583,18732860,0.07080224,0.42808928,0
1503035582,18732859,0.07080223,0.84303518,0
1503035580,18732858,0.07062595,0.00002190,0
1503035396,18732778,0.07062595,0.71010000,0
1503035332,18732711,0.07054798,0.42532300,0
1503035319,18732706,0.07054798,0.42515698,0
1503035319,18732705,0.07054579,0.00000902,0
1503035136,18732663,0.07054579,0.97180000,0
1503034642,18732500,0.07054360,0.58801932,0
1503034557,18732486,0.07054365,0.30000000,0
1503034110,18732291,0.07054633,0.28350164,0
1503033812,18732188,0.07039999,0.07769489,0
1503033621,18732077,0.07044999,3.62099147,0
1503033585,18732062,0.07010121,1.42653682,1
1503033579,18732054,0.07044999,23.39581853,0
1503033579,18732053,0.07044998,0.67919000,0
1503033577,18732050,0.07026072,11.90400000,0
1503033568,18732035,0.07010115,0.67919000,1
1503033568,18732034,0.07023442,0.71012190,1
1503033566,18732033,0.07026074,0.12100000,1
1503033566,18732031,0.07044999,1.11936140,0
1503033530,18731985,0.07044999,0.59469685,0
1503033529,18731984,0.07044999,6.11242505,0
1503033447,18731906,0.07059991,0.67129749,0
1503033447,18731905,0.07054798,0.19989820,0
1503033446,18731900,0.07059991,5.84767128,1
1503033444,18731897,0.07054798,0.20000000,0
1503033386,18731822,0.07059991,0.12282000,0
1503033385,18731821,0.07059812,1.41642894,1
1503033385,18731819,0.07059812,0.20000000,0
1503033354,18731783,0.07026211,0.59539915,1
1503033344,18731771,0.07026206,0.90109798,0
1503032533,18731384,0.07060000,2.00000000,0
1503032529,18731377,0.07059990,1.94711424,0
1503032474,18731288,0.07059990,0.05288576,1
1503032218,18731006,0.07059990,0.39800000,1
1503031989,18730891,0.07059990,0.25556000,1
1503031698,18730812,0.07059990,6.90328775,0
1503031698,18730811,0.07050000,2.00000000,0
1503031698,18730810,0.07049999,2.20166418,0
1503031697,18730807,0.07049999,1.99999500,0
1503031677,18730787,0.07026199,0.77371140,1
1503031676,18730786,0.07039371,0.08544851,1
1503031425,18730683,0.07050000,0.70744681,1
1503031425,18730682,0.07050000,1.99999500,1
1503031352,18730651,0.07079946,2.00226000,0
1503031343,18730642,0.07050000,2.00000000,0
1503031228,18730526,0.07050000,1.00000000,0
1503031042,18730424,0.07093073,0.39183454,0
1503030806,18730383,0.07104924,0.61342809,0
1503030806,18730382,0.07101000,0.00263871,0
1503030806,18730381,0.07101000,0.19736129,0
1503030806,18730380,0.07100717,0.39457083,0
1503030804,18730378,0.07098520,0.20000000,0
1503030634,18730329,0.07100717,0.31513718,0
1503030335,18730204,0.07100992,0.00047511,0
1503030335,18730203,0.07079824,0.31674889,0
1503030123,18730135,0.07079824,0.11437165,0
1503030123,18730134,0.07079823,0.08562835,0
1503029738,18729975,0.07055741,0.20000000,0
1503029738,18729974,0.07057683,0.20000000,1
1503029422,18729779,0.07079824,0.28249290,0
1503029155,18729659,0.07044177,4.00000000,1
1503028943,18729591,0.07089657,0.10231798,0
1503028943,18729590,0.07088213,0.28841202,0
1503028942,18729589,0.07084963,0.20000000,0
1503028873,18729527,0.07078610,0.89126000,0
1503028868,18729515,0.07078610,0.89123429,0
1503028853,18729499,0.07078611,0.96452000,0
1503028848,18729488,0.07033154,0.20165918,1
1503028844,18729478,0.07078612,0.96326194,0
1503028709,18729319,0.07078612,0.19650745,0
1503028137,18729061,0.07063753,0.19264546,0
1503028118,18729037,0.07078612,1.47067831,0
1503028117,18729034,0.07043859,0.28326674,0
1503028113,18729008,0.07078616,0.98871953,0
1503028112,18729003,0.07078616,7.51698557,0
1503028112,18729002,0.07078615,1.27428097,0
1503028110,18728979,0.07078616,0.91392266,0
1503028109,18728969,0.07078616,0.16626131,0
1503028040,18728895,0.07057004,0.14166894,0
1503027955,18728886,0.07063778,3.33918257,1
1503027953,18728885,0.07058709,0.20000000,0
1503026381,18728362,0.07083521,1.77431217,0
1503026381,18728361,0.07067110,0.08233783,0
1503026372,18728347,0.07056804,0.20000000,0
1503026034,18728260,0.07049899,9.77340000,0
1503026033,18728259,0.07048481,0.20000000,0
1503026024,18728241,0.07049899,0.08233783,0
1503026024,18728237,0.07049899,9.28060104,0
1503025323,18727873,0.07083869,0.20000000,0
1503025178,18727814,0.07061479,1.07238157,1
1503025119,18727788,0.07061478,0.00008903,0
1503025117,18727785,0.07061478,0.28110262,0
1503024984,18727729,0.07061478,0.34110422,0
1503023249,18727099,0.07018000,3.00000000,0
1503023249,18727098,0.07017860,2.40606396,0
1503023245,18727097,0.06990000,0.42707410,0
1503023244,18727096,0.06990000,0.20000000,0
1503023238,18727095,0.06990000,0.20000000,0
1503023002,18726969,0.06967481,1.67267052,1
1503022993,18726963,0.06990000,2.00400000,0
1503022970,18726960,0.06990000,0.16885000,0
1503022874,18726939,0.06980000,1.82623210,1
1503022837,18726925,0.06980000,1.17369200,1
1503022732,18726900,0.07017294,0.00000042,0
1503022732,18726899,0.07000000,15.61178400,1
1503022730,18726898,0.07000000,0.38821564,0
1503022586,18726850,0.06970000,0.20104764,1
1503022455,18726824,0.06970000,0.18716800,1
1503022146,18726724,0.07027899,0.14229004,0
1503021640,18726474,0.07034916,7.78073200,1
1503021639,18726472,0.07034916,27.23000000,1
1503021637,18726471,0.07034916,26.38500000,0
1503021417,18726353,0.06982418,1.40606396,1
1503021300,18726219,0.07020000,1.72576888,0
1503021299,18726218,0.07020000,2.00400000,0
1503021298,18726217,0.07020000,0.40927800,0
1503021291,18726202,0.07020000,0.11495300,0
1503021287,18726201,0.07020000,1.19685800,0
1503021283,18726195,0.07020000,4.25400000,0
1503021095,18726016,0.07050000,1.60130100,0
1503021078,18726005,0.07050000,0.39869900,0
1503021078,18726004,0.07045000,0.52809400,0
1503021075,18726003,0.07045000,1.47190600,0
1503021071,18726002,0.07043000,2.00000000,0
1503021071,18726000,0.07040000,2.00000000,0
1503021070,18725999,0.07040000,0.61654817,0
1503021067,18725996,0.07040000,1.23991600,0
1503021035,18725976,0.07040000,0.14353583,0
1503021034,18725975,0.07039998,0.12100000,0
1503021034,18725974,0.07036000,1.73946417,0
1503021019,18725965,0.07036000,1.00000000,0
1503021018,18725964,0.07036000,0.26053583,0
1503021017,18725962,0.07036000,1.00000000,0
1503021017,18725960,0.07036000,0.74346417,0
1503020990,18725926,0.07036000,0.04477100,0
1503020990,18725924,0.07035999,0.10604200,0
1503020983,18725908,0.07027001,1.00000000,1
1503020897,18725866,0.07036000,0.28562577,0
1503020894,18725865,0.07036000,0.27026900,0
1503020882,18725859,0.07029900,1.89936400,0
1503020880,18725856,0.07029900,8.10063600,0
1503020877,18725852,0.07029900,0.10063600,0
1503020872,18725848,0.07029900,1.89936400,0
1503020869,18725843,0.07029900,0.10063600,0
1503020826,18725804,0.07029900,2.00400000,0
1503020783,18725782,0.07029900,3.07500000,0
1503020769,18725757,0.07029900,4.82036400,0
1503020768,18725754,0.07029900,0.01144600,0
1503020744,18725733,0.07029900,1.12491800,0
1503020705,18725691,0.07029900,0.86363600,0
1503020638,18725642,0.07030000,0.72745391,0
1503020637,18725641,0.07030000,0.27254609,0
1503020637,18725640,0.07030000,0.00000014,0
1503020635,18725638,0.07028000,3.00000000,0
1503020552,18725534,0.07030000,0.99999986,0
1503020552,18725533,0.07030000,0.72693314,0
1503020519,18725504,0.07018000,1.00000000,1
1503020448,18725454,0.07020002,2.55000000,1
1503020448,18725453,0.07024000,1.00000000,1
1503020400,18725386,0.07030000,0.27306686,0
1503020400,18725385,0.07030000,0.46093314,0
1503020390,18725384,0.07030000,1.20000000,0
1503020376,18725379,0.07030000,0.12100000,0
1503020303,18725347,0.07030000,0.95410000,0
1503020297,18725341,0.07030000,0.26396686,0
1503020297,18725340,0.07030000,0.30913314,0
1503020246,18725262,0.07015000,1.00000000,1
1503020228,18725252,0.07030000,0.20000000,0
1503020109,18725168,0.07030000,2.49086686,0
1503020064,18725142,0.07020000,2.62842600,0
1503020063,18725138,0.07020000,0.37157400,0
1503019941,18725044,0.07036000,1.50890406,0
1503019939,18725042,0.07035000,0.00000027,0
1503019914,18725034,0.07035000,1.99999973,0
1503019914,18725033,0.07034999,0.97084727,0
1503019900,18725026,0.07034999,0.14725800,0
1503019837,18724997,0.07036000,0.14696600,0
1503019735,18724949,0.07039999,0.00103254,0
1503019735,18724948,0.07035000,0.68811846,0
1503019706,18724928,0.07035000,0.31188154,0
1503019706,18724927,0.07035000,0.00000046,0
1503019638,18724898,0.07035000,1.73351200,0
1503019638,18724897,0.07032000,0.38811100,0
1503019604,18724877,0.07032000,0.61188900,0
1503019604,18724876,0.07030000,1.00000000,0
1503019440,18724745,0.07022055,1.25469700,1
1503019404,18724668,0.07035000,0.26648754,0
1503019216,18724418,0.07061478,0.00000040,1
1503019216,18724417,0.07061478,1.14283400,1
1503019211,18724412,0.07050000,0.46700000,0
1503019209,18724410,0.07049999,1.02243000,0
1503019206,18724399,0.07050000,1.53300000,0
1503019206,18724398,0.07050000,1.96377400,0
1503019203,18724395,0.07015303,39.60000000,1
1503019199,18724390,0.07050000,0.03622641,0
1503019198,18724389,0.07049800,1.00000000,0
1503019165,18724357,0.07049800,2.00000000,0
1503019157,18724333,0.07045000,2.00000000,0
1503019114,18724214,0.07049999,0.19530000,0
1503019103,18724165,0.07050000,0.12006259,0
1503019102,18724163,0.07050000,0.35660600,0
1503019102,18724160,0.07050000,0.45862341,0
1503019102,18724159,0.07040000,2.00000000,0
1503019091,18724102,0.07050000,0.02722059,0
1503019091,18724101,0.07050000,2.01036041,0
1503019088,18724086,0.07050000,5.02712659,0
1503019088,18724085,0.07049999,0.12080000,0
1503019088,18724084,0.07045535,0.71407341,0
1503018964,18723919,0.06971220,0.20000000,1
1503018928,18723883,0.07017087,1.42865551,0
1503018894,18723863,0.07010052,1.66380693,0
1503018894,18723862,0.07006637,0.23125707,0
1503018844,18723845,0.07006637,0.48579653,0
1503018659,18723641,0.07003352,0.39205506,0
1503018472,18723516,0.06953490,3.80434213,1
1503018366,18723469,0.06990439,1.93881900,0
1503017936,18723215,0.06970219,0.28693499,0
1503017917,18723127,0.06938264,15.72282000,1
1503017839,18723026,0.06991666,1.93823618,0
1503017290,18722409,0.06931342,0.15454428,1
1503017290,18722406,0.06950001,0.00271068,1
1503017184,18722262,0.06971343,0.39859791,0
1503017183,18722260,0.06971342,2.02300101,0
1503017148,18722210,0.06950001,0.19728932,1
1503017148,18722208,0.06951100,0.00263871,1
1503017146,18722203,0.06951100,0.19736129,1
1503017146,18722202,0.06951155,0.26700771,1
1503017145,18722201,0.06951155,0.19736129,1
1503017085,18722169,0.06981196,1.96366438,0
1503016950,18722081,0.06951155,7.61731200,1
1503016949,18722077,0.06951155,10.48868800,1
1503016916,18722039,0.06951155,12.54375000,1
1503016912,18722036,0.06951155,16.69226800,1
1503016910,18722032,0.06951155,1.07500000,1
1503016889,18722020,0.06951155,1.11861300,1
1503016882,18722017,0.06955547,0.59844060,1
1503016880,18722016,0.06955547,0.40155940,1
1503016880,18722015,0.06955547,0.71705360,1
1503016762,18721976,0.06987822,0.71553053,0
1503016513,18721830,0.06960000,2.00000000,1
1503016513,18721826,0.06960000,0.15000000,1
1503016307,18721704,0.06965347,1.87530800,0
1503016298,18721694,0.06965347,2.00000000,1
1503016298,18721693,0.06965347,0.14320900,1
1503016295,18721688,0.06969999,0.19191000,0
1503016279,18721658,0.06970000,1.22735900,0
1503016272,18721648,0.06970000,1.96377400,1
1503016245,18721612,0.06970000,0.15628900,1
1503015720,18721395,0.07010100,0.14265132,0
1503015560,18721300,0.06984576,0.71407341,1
1503015490,18721261,0.06984581,0.71407270,1
1503015490,18721260,0.06998509,0.75969530,1
1503015402,18721205,0.06998509,0.50000000,1
1503015364,18721195,0.06998509,0.29030470,1
1503015363,18721193,0.06998509,0.71265179,1
1503015305,18721153,0.07009000,1.39347000,0
1503015293,18721150,0.07009000,0.15653000,0
1503015244,18721136,0.06999000,1.55000000,1
1503015195,18721127,0.07032234,4.50588461,1
1503015192,18721126,0.07032234,0.49411539,1
1503014604,18720885,0.07027583,0.28547679,1
1503014457,18720744,0.07027587,8.53778117,0
1503014115,18720606,0.07027538,0.00070801,1
1503014113,18720605,0.07027538,0.20900000,1
1503014110,18720601,0.07027538,0.50000000,1
1503014090,18720598,0.07029777,1.13675929,0
1503013997,18720510,0.07016797,5.66516000,0
1503013972,18720504,0.07016799,0.28431763,0
1503013714,18720336,0.06984581,4.83761423,1
1503013704,18720324,0.07016802,5.35430526,0
1503013647,18720286,0.07016806,0.37377000,0
1503013619,18720204,0.07016824,10.18721000,0
1503013427,18719968,0.06970000,0.35660600,1
1503013272,18719939,0.06970000,0.48584400,1
1503013266,18719938,0.06970000,7.03748700,1
1503013266,18719937,0.06970000,1.50000000,1
1503013266,18719936,0.06970000,0.14251300,1
1503013264,18719933,0.06970000,0.85748700,1
1503013083,18719860,0.06989997,0.99311418,0
1503012973,18719820,0.06975000,2.00000000,1
1503012827,18719768,0.06980000,2.00000000,1
1503012590,18719672,0.06980000,2.00000000,1
1503012575,18719666,0.06980001,7.99700000,0
1503012408,18719599,0.06985000,2.07265100,1
1503012403,18719597,0.06985000,1.92734900,1
1503012403,18719596,0.06985004,4.26000000,1
1503012271,18719472,0.06995000,0.30434732,0
1503012271,18719471,0.06995000,0.73834168,0
1503012078,18719405,0.06995000,0.26165832,0
1503011728,18719222,0.07009994,0.10000000,0
1503011724,18719221,0.06985000,3.99999981,1
1503011724,18719220,0.06985000,0.00000019,1
1503011696,18719214,0.06985000,0.30435300,1
1503011696,18719213,0.06985000,1.60000000,1
1503011650,18719193,0.06985000,0.40000000,1
1503011649,18719184,0.06985000,2.00000000,1
1503011640,18719180,0.07009994,2.10413774,0
1503011570,18719154,0.07000000,0.30370088,0
1503011570,18719153,0.07000000,3.00000000,0
1503011414,18719087,0.06987000,3.00000000,1
1503011356,18719060,0.07000000,0.64584728,0
1503011234,18718990,0.07009998,2.22155700,0
1503011113,18718879,0.07005000,1.65182800,0
1503011082,18718852,0.07005000,1.00000000,0
1503010989,18718821,0.07005000,0.34816695,0
1503010867,18718762,0.07009999,3.00000000,0
1503010814,18718752,0.06990000,2.00000000,1
1503010814,18718750,0.06995000,1.00000000,1
1503010684,18718641,0.07018597,0.10000000,0
1503010662,18718620,0.07024999,0.64078528,0
1503010660,18718618,0.07015890,0.20000000,0
1503010631,18718594,0.06985000,2.00000000,1
1503010631,18718592,0.06985001,0.32997569,1
1503010551,18718531,0.06999996,2.83856000,0
1503010550,18718528,0.06999996,1.30934360,0
1503010264,18718390,0.07010000,0.10000000,1
1503010251,18718389,0.06990000,2.00000000,1
1503010099,18718329,0.06995000,2.00000000,1
1503010092,18718324,0.07024998,0.22573088,0
1503010092,18718323,0.07021204,0.20000000,0
1503010090,18718322,0.07005000,2.00000000,0
1503009954,18718261,0.07007999,0.99885859,0
1503009841,18718226,0.06995000,2.00000000,1
1503009742,18718171,0.07000000,1.77841568,1
1503009714,18718163,0.07000000,6.41369100,1
1503009703,18718159,0.07000000,1.80789332,1
1503009703,18718158,0.07000001,0.19210668,1
1503009661,18718134,0.07010000,2.00000000,1
1503009644,18718125,0.07009000,0.30315058,1
1503009644,18718124,0.07009000,2.00000000,1
1503009644,18718123,0.07009001,0.35182342,1
1503009614,18718091,0.07035000,2.00000000,0
1503009359,18717971,0.07030000,0.30043414,0
1503009358,18717969,0.07030000,1.20179231,0
1503009357,18717966,0.07029996,6.87500000,0
1503009262,18717872,0.07029996,1.00000000,0
1503009119,18717802,0.07030000,0.49777355,1
1503009113,18717798,0.07030000,0.30224679,1
1503009107,18717790,0.07030000,0.69807966,0
1503009103,18717782,0.07030000,1.30192034,0
1503009073,18717751,0.07029993,7.89968069,0
1503009010,18717710,0.07029995,2.62948569,0
1503009009,18717709,0.07029994,9.42889431,0
1503009000,18717693,0.07029999,7.89170809,0
1503008991,18717687,0.07020000,2.00000000,0
1503008981,18717678,0.07018000,0.30224679,1
1503008981,18717677,0.07018000,5.21551500,1
1503008950,18717645,0.07029998,2.49661000,0
1503008950,18717644,0.07018000,1.64920000,1
1503008947,18717641,0.07018000,2.00000000,1
1503008945,18717637,0.07029999,7.87825146,1
1503008940,18717631,0.07018000,2.00000000,1
1503008937,18717630,0.07018000,2.01000000,1
1503008929,18717628,0.07018000,4.24713300,1
1503008916,18717617,0.07018000,3.66320000,1
1503008889,18717606,0.07018000,2.20495200,1
1503008879,18717601,0.07018000,2.01000000,1
1503008872,18717596,0.07019950,0.99999964,0
1503008872,18717593,0.07019950,0.30216336,0
1503008864,18717587,0.07019948,7.86450270,0
1503008679,18717527,0.07019998,4.27343426,0
1503008450,18717421,0.07049956,0.69833300,0
1503008376,18717311,0.07052126,0.20000000,0
1503008028,18717136,0.07061528,0.00011229,1
1503008027,18717133,0.07051918,0.65071985,1
1503008026,18717132,0.07051918,0.20000000,0
1503008013,18717127,0.07051918,0.11713125,1
1503008013,18717126,0.07025000,1.00355872,0
1503008013,18717125,0.07024000,2.00000000,0
1503008013,18717124,0.07020000,2.00000000,0
1503008011,18717122,0.07018000,2.00000000,0
1503007984,18717114,0.07015000,0.30216336,0
1503007877,18717057,0.07025000,0.99644128,0
1503007863,18717028,0.07020000,2.00000000,0
1503007726,18716962,0.07020000,0.99000000,0
1503007726,18716961,0.07020000,2.00000000,0
1503007450,18716898,0.07019999,2.13141025,0
1503007429,18716866,0.07000002,1.00125000,1
1503007423,18716862,0.07000002,0.99999500,1
1503007423,18716861,0.07000002,1.00124800,1
1503007341,18716811,0.07000001,0.99991415,1
1503007332,18716795,0.07000001,0.99991415,1
1503007318,18716787,0.07005000,0.99999500,1
1503007234,18716762,0.06990001,0.13547641,1
1503007195,18716730,0.07010000,0.09568869,0
1503007195,18716728,0.07010000,0.08433772,0
1503007194,18716724,0.07010000,0.08212524,0
1503007153,18716696,0.07010000,1.51483181,0
1503007122,18716675,0.07009660,1.79898399,1
1503007113,18716671,0.07010000,0.19498956,0
1503007106,18716669,0.07009660,0.20000000,1
1503007063,18716654,0.07009660,0.28358035,0
1503006719,18716415,0.06970001,0.00300000,1
1503006719,18716414,0.06975000,2.00000000,1
1503006666,18716391,0.07009772,2.85315985,0
1503006472,18716310,0.06980000,2.00000000,1
1503006134,18716203,0.06980000,2.00000000,1
1503006047,18716140,0.06984290,3.31961600,1
1503006044,18716139,0.06984290,22.21679100,1
1503006026,18716127,0.06990000,2.00000000,1
1503005988,18716114,0.06990001,10.12733960,0
1503005988,18716113,0.06990000,2.00000000,1
1503005961,18716112,0.06990000,2.00000000,1
1503005883,18716072,0.06990000,2.00000000,1
1503005807,18716039,0.06990000,0.94959569,1
1503005807,18716038,0.06990000,0.16942331,1
1503005712,18716002,0.06990000,0.11415704,1
1503005712,18716001,0.07007025,0.08584296,1
1503005684,18715997,0.07009999,0.98176904,0
1503005649,18715989,0.07018991,0.31391456,0
1503005649,18715988,0.07018990,1.18615767,0
1503005563,18715944,0.07008000,2.00000000,1
1503005427,18715870,0.07020000,0.90224300,0
1503005422,18715866,0.07020000,0.43866700,0
1503005421,18715865,0.07020000,0.94468700,0
1503005420,18715864,0.07020000,0.24354200,0
1503005419,18715863,0.07020000,0.58075100,0
1503005411,18715862,0.07020000,10.74928100,0
1503005408,18715858,0.07020000,0.10959500,0
1503005407,18715857,0.07020000,3.84090300,0
1503005404,18715852,0.07020000,0.25209300,0
1503005403,18715851,0.07020000,4.84280500,0
1503005387,18715846,0.07020000,4.75077200,0
1503005386,18715844,0.07020000,1.50405300,0
1503004969,18715543,0.07000000,1.00000000,1
1503004783,18715468,0.06990000,1.42703862,1
1503004714,18715427,0.07019999,7.12250814,0
1503004688,18715409,0.07000000,3.00000000,1
1503004688,18715408,0.07000000,0.23848700,1
1503004557,18715318,0.07000000,0.14654000,1
1503004532,18715282,0.07048800,0.00000274,1
1503004523,18715268,0.07048800,0.07235000,1
1503004516,18715264,0.07120000,2.70255266,1
1503004516,18715263,0.07095428,0.08540924,0
1503004516,18715262,0.07088213,1.49541629,0
1503004515,18715261,0.07078752,1.45680160,0
1503004515,18715260,0.07077697,0.07277791,0
1503004515,18715259,0.07070641,0.90000000,0
1503004515,18715258,0.07022837,0.20000000,0
1503004513,18715256,0.07012000,1.70000000,0
1503004513,18715255,0.07012000,1.28864803,0
1503004477,18715238,0.07012000,1.71135197,0
1503004353,18715122,0.07000000,1.83497300,1
1503004353,18715121,0.07000000,0.29871700,1
1503004349,18715113,0.07000100,2.51000000,1
1503004239,18714970,0.07000000,2.29265500,1
1503004235,18714965,0.07000000,0.29871700,1
1503004219,18714957,0.07000000,7.10991100,1
1503004210,18714952,0.07020000,2.22237621,0
1503004149,18714922,0.07004900,4.55824800,1
1503004095,18714848,0.07004900,4.15569700,1
1503004084,18714844,0.07004900,1.28605500,1
1503004084,18714843,0.07006000,0.70000000,1
1503004064,18714830,0.07006000,9.30000000,1
1503003774,18714724,0.07018000,1.92616200,0
1503003752,18714697,0.07000008,0.00003199,0
1503003674,18714674,0.07000008,0.82673563,0
1503003605,18714637,0.07018000,0.24804200,0
1503003567,18714600,0.06991038,1.00000000,1
1503003501,18714576,0.07010000,0.26964907,1
1503003460,18714554,0.07018000,0.15204600,0
1503003355,18714499,0.07017999,0.83504693,0
1503003355,18714498,0.07010000,3.00285307,0
1503003344,18714489,0.07010000,1.99714693,0
1503003069,18714350,0.07000000,5.80030800,1
1503003051,18714329,0.07000000,3.14849300,1
1503003013,18714310,0.07010000,1.39449358,1
1503003012,18714308,0.07010000,0.46000000,0
1503002988,18714302,0.07000000,0.19800000,1
1503002985,18714300,0.07000000,0.19800000,1
1503002981,18714298,0.07000000,0.19118000,1
1503002946,18714277,0.07000000,0.46401900,1
1503002945,18714276,0.07017999,3.56226896,0
1503002838,18714193,0.07007621,8.64008691,1
1503002831,18714191,0.07007621,1.35991309,1
1503002831,18714190,0.07007621,0.07277791,1
1503002776,18714123,0.07007628,0.61821589,1
1503002776,18714122,0.07007666,0.97180902,1
1503002774,18714114,0.07010110,0.10000000,1
1503002744,18714075,0.07018000,0.40600000,1
1503002700,18714043,0.07018000,0.09400000,1
1503002700,18714042,0.07020000,0.10400000,1
1503002700,18714041,0.07020000,0.19800000,1
1503002694,18714034,0.07020000,0.19800000,1
1503002683,18714033,0.07020001,0.19437000,1
1503002616,18713985,0.07024000,0.43900000,1
1503002516,18713895,0.07025000,0.11437670,1
1503002516,18713894,0.07025000,0.08562330,1
1503002453,18713872,0.07055498,0.59440354,1
1503002452,18713871,0.07055497,2.07118393,1
1503002451,18713870,0.07055497,0.59428200,0
1503002388,18713817,0.07025000,0.11437670,1
1503002388,18713816,0.07025000,0.30000000,1
1503002388,18713813,0.07025001,0.08562330,1
1503002092,18713612,0.07025000,0.20000000,1
1503001982,18713571,0.07070640,29.20266400,0
1503001982,18713570,0.07056403,0.20000000,0
1503001982,18713569,0.07056402,0.59733600,0
1503001860,18713442,0.07070640,4.04315493,0
1503001858,18713439,0.07061534,0.20000000,0
1503001595,18713201,0.07020001,0.99178767,1
1503001392,18713090,0.07070641,0.00010223,1
1503001392,18713089,0.07070641,0.89989777,1
1503001391,18713088,0.07055199,0.20000000,0
1503001351,18713075,0.07007672,7.64105732,1
1503001255,18713035,0.07070641,0.00000021,1
1503001255,18713034,0.07070641,12.45995521,1
1503001255,18713033,0.07078752,0.49548579,1
1503001254,18713031,0.07078752,8.83583300,1
1503001254,18713030,0.07078752,2.40000000,1
1503001254,18713029,0.07078752,2.24256800,1
1503001252,18713023,0.07197713,12.45995542,0
1503001252,18713022,0.07197713,1.57122420,1
1503001252,18713019,0.07197713,1.58824500,1
1503001252,18713017,0.07197713,5.41770800,1
1503001251,18713014,0.07173380,13.97388679,0
1503001251,18713011,0.07160000,41.01763763,0
1503001251,18713010,0.07160000,0.15000000,0
1503001251,18713009,0.07160000,6.16466800,1
1503001251,18713008,0.07160000,5.98942000,1
1503001250,18713007,0.07135528,1.47126662,0
1503001250,18713006,0.07135528,5.04433500,1
1503001250,18713005,0.07135528,3.33545700,1
1503001250,18713004,0.07100000,23.25898000,0
1503001250,18713003,0.07100000,15.34026417,0
1503001249,18713001,0.07088212,0.20000000,1
1503001248,18713000,0.07088212,71.63900000,0
1503001235,18712991,0.07088215,5.85767161,1
1503001234,18712990,0.07088215,8.19034081,1
1503001234,18712988,0.07102184,14.00555919,1
1503001233,18712986,0.07160000,2.56036661,1
1503001233,18712985,0.07160000,1.54219400,1
1503001233,18712984,0.07160000,1.99380000,1
1503001233,18712980,0.07157158,14.00555919,0
1503001232,18712977,0.07157157,15.09500000,0
1503001232,18712975,0.07157157,0.99647911,1
1503001232,18712973,0.07157157,6.61282000,1
1503001232,18712970,0.07135529,14.04801242,0
1503001232,18712968,0.07135529,9.99333800,1
1503001231,18712967,0.07135529,1.72714200,1
1503001231,18712966,0.07135529,10.41000000,1
1503001231,18712965,0.07135529,8.14736300,1
1503001231,18712962,0.07135529,1.43981100,1
1503001231,18712959,0.07135528,10.75300000,0
1503001230,18712956,0.07133771,0.95590701,0
1503001230,18712954,0.07132000,10.03300000,0
1503001230,18712952,0.07100476,0.08559173,0
1503001229,18712951,0.07100000,0.15000000,0
1503001229,18712950,0.07100000,14.20555539,1
1503001229,18712949,0.07100000,0.23837300,1
1503001229,18712948,0.07100000,1.25398000,1
1503001229,18712947,0.07099999,80.00000000,0
1503001229,18712945,0.07078405,0.07277063,0
1503001228,18712944,0.07078405,1.75398000,1
1503001228,18712943,0.07078405,2.53745700,1
1503001228,18712942,0.07070000,6.94525354,0
1503001228,18712941,0.07067993,81.39380394,0
1503001228,18712940,0.07067993,0.07550000,0
1503001228,18712939,0.07067993,16.66821400,1
1503001227,18712938,0.07067992,1.10888676,0
1503001227,18712937,0.07043767,0.20000000,0
1503001227,18712936,0.07043767,8.00000000,1
1503001227,18712935,0.07030000,0.21778375,0
1503001227,18712934,0.07030000,0.00000300,0
1503001225,18712932,0.07029876,45.10200000,0
1503000970,18712804,0.07010023,0.21778375,1
1503000969,18712803,0.07010023,0.08580625,1
1503000969,18712802,0.07010024,0.20000000,1
1503000521,18712395,0.07030000,0.01633000,0
1503000521,18712393,0.07026620,0.20000000,0
1503000449,18712277,0.07030000,0.98366700,0
1503000449,18712276,0.07026620,0.20000000,0
1503000400,18712234,0.07029911,2.34512215,0
1503000398,18712226,0.07026620,0.20000000,0
1503000390,18712214,0.07010020,4.37082600,0
1503000390,18712212,0.07010020,2.75916000,0
1503000381,18712198,0.07010020,0.09572900,0
1503000380,18712193,0.07010020,0.98000000,0
1503000378,18712190,0.07010020,1.79428500,0
1503000291,18712128,0.07003277,0.20000000,0
1503000285,18712121,0.07000238,5.00000000,0
1503000285,18712119,0.07000050,4.58010817,0
1503000283,18712111,0.07000050,0.41989183,0
1503000282,18712110,0.06999430,0.00000517,0
1503000268,18712089,0.06999430,2.23096300,0
1502999992,18711942,0.06965348,4.03892200,1
1502999967,18711926,0.06999291,56.35216572,0
1502999967,18711925,0.06992023,0.20000000,0
1502999966,18711924,0.06988192,0.45360000,0
1502999928,18711909,0.06965348,0.79245000,1
1502999896,18711895,0.06965348,0.16862800,1
1502999607,18711669,0.06970000,0.19996109,0
1502999599,18711655,0.06970000,1.00000000,1
1502999409,18711497,0.06965351,0.18400000,1
1502999369,18711476,0.06980384,0.15291106,0
1502999344,18711458,0.06999242,8.98737926,0
1502999343,18711456,0.06993427,0.20000000,0
1502999284,18711379,0.06965351,0.20000000,1
1502999278,18711377,0.06965351,0.20000000,1
1502999272,18711371,0.06965351,0.20000000,1
1502999268,18711369,0.06965351,0.20000000,1
1502999264,18711364,0.06965351,0.20000000,1
1502999259,18711362,0.06965351,0.20000000,1
1502999130,18711283,0.06965349,0.20000000,1
1502999009,18711172,0.06965348,1.00000000,1
1502998990,18711164,0.06989987,1.60652700,1
1502998943,18711102,0.06989987,1.39347300,1
1502998905,18711087,0.06989987,2.39147354,0
1502998904,18711085,0.06979000,0.30000000,0
1502998785,18711060,0.07000000,5.00000000,1
1502998735,18711033,0.06980000,0.30866762,0
1502998642,18710988,0.06965348,1.00000000,1
1502998603,18710944,0.07000927,0.14283823,0
1502998339,18710744,0.07012775,0.98926630,0
1502998144,18710596,0.06966024,1.00000000,1
1502998111,18710582,0.07014892,1.00000000,0
1502998060,18710554,0.07014929,0.14255312,0
1502997879,18710417,0.07031232,0.00011500,1
1502997879,18710416,0.07031232,1.50655604,1
1502997878,18710414,0.07031232,0.20000000,0
1502997833,18710385,0.07031232,1.22262000,1
1502997832,18710384,0.07029929,0.20000000,0
1502997830,18710380,0.06966002,32.64805864,1
1502997830,18710378,0.06966003,7.25072167,1
1502997823,18710367,0.06966000,0.00000009,0
1502997823,18710365,0.06966000,1.40467400,0
1502997821,18710358,0.06966000,0.31995310,0
1502997821,18710357,0.06966235,0.20000000,1
1502997820,18710356,0.07000000,1.22080000,1
1502997814,18710355,0.07000000,8.77920000,1
1502997814,18710354,0.07000000,0.12080000,1
1502997794,18710339,0.07003366,4.25730700,1
1502997783,18710333,0.07003366,0.13358700,1
1502997777,18710332,0.07003366,1.60910600,1
1502997769,18710328,0.07003410,10.00000000,0
1502997756,18710313,0.07003410,0.21000000,0
1502997751,18710312,0.07003410,10.00000000,0
1502997744,18710311,0.07003410,6.00000000,1
1502997732,18710298,0.07008322,0.12732742,1
1502997732,18710297,0.07017778,0.07267258,1
1502997730,18710289,0.07020000,0.42400192,1
1502997651,18710226,0.07030000,7.15940500,1
1502997650,18710225,0.07030000,2.84059461,1
1502997650,18710224,0.07035000,3.73208239,1
1502997650,18710223,0.07035001,3.42732300,1
1502997644,18710186,0.07035001,6.57267700,1
1502997644,18710184,0.07035001,2.84059500,1
1502997569,18710102,0.07055000,0.78843405,0
1502997569,18710100,0.07050000,2.84059500,0
1502997564,18710093,0.07050000,4.31881000,0
1502997561,18710092,0.07050000,2.84059500,0
1502997399,18709998,0.07035000,6.26791761,1
1502997399,18709997,0.07040000,0.00007102,1
1502997399,18709996,0.07040000,3.53614298,1
1502997394,18709993,0.07040000,6.46378600,1
1502997303,18709949,0.07050000,9.83000000,1
1502997249,18709910,0.07060000,0.20982200,1
1502997240,18709896,0.07060000,0.75108400,1
1502997151,18709858,0.07050001,5.00000000,1
1502996991,18709787,0.07064333,1.20797501,1
1502996991,18709784,0.07064333,0.42329545,1
1502996983,18709770,0.07064333,4.05450200,1
1502996979,18709764,0.07064333,4.05086400,1
1502996971,18709730,0.07064333,3.59256862,1
1502996971,18709729,0.07064334,0.19991200,1
1502996971,18709728,0.07088665,0.00024338,1
1502996898,18709687,0.07088665,0.14100000,1
1502996837,18709646,0.07088666,5.36854000,1
1502996813,18709619,0.07109994,0.08892700,0
1502996809,18709617,0.07088666,3.44804800,1
1502996805,18709614,0.07099999,14.08386001,0
1502996751,18709563,0.07088666,1.18341200,1
1502996726,18709544,0.07107245,2.91707729,1
1502996725,18709543,0.07107245,0.20000000,1
1502996725,18709542,0.07107245,0.20000000,0
1502996638,18709449,0.07125595,0.19999500,0
1502996635,18709444,0.07128603,1.29577965,0
1502996633,18709440,0.07128604,0.39866150,0
1502996632,18709435,0.07128604,0.41206372,0
1502996632,18709434,0.07125897,0.20000000,0
1502996631,18709431,0.07128604,1.66068400,0
1502996630,18709429,0.07128604,0.39857728,0
1502996597,18709382,0.07110250,0.20000000,0
1502996584,18709324,0.07109201,0.09027000,0
1502996558,18709185,0.07099916,0.19995307,0
1502996540,18709121,0.07095813,0.15386000,0
1502996523,18709015,0.07092911,0.20000000,0
1502996509,18708935,0.07135493,0.21641000,0
1502996502,18708921,0.07077909,0.00008800,0
1502996501,18708917,0.07077909,0.19991200,0
1502996485,18708817,0.07077908,0.19994646,0
1502996474,18708778,0.07077908,0.19994538,0
1502996466,18708754,0.07077908,0.20000000,0
1502996456,18708742,0.07077908,0.18806404,0
1502996450,18708734,0.07064338,0.11262000,1
1502996434,18708717,0.07077908,0.20000000,0
1502996430,18708713,0.07064333,0.15631000,1
1502996424,18708700,0.07064333,0.15631000,1
1502996418,18708695,0.07064333,6.35817492,1
1502996418,18708694,0.07064333,4.21529608,1
1502996415,18708692,0.07064334,4.55772900,1
1502996414,18708691,0.07064333,0.15631000,1
1502996392,18708679,0.07064333,0.16304000,1
1502996386,18708678,0.07105614,0.36371494,0
1502996384,18708677,0.07077908,0.20000000,0
1502996365,18708667,0.07064333,1.34645400,1
1502996345,18708660,0.07064333,0.92426200,1
1502996342,18708655,0.07064333,0.99800000,1
1502996339,18708654,0.07064333,0.96006000,1
1502996337,18708653,0.07064333,0.87647143,1
1502996337,18708652,0.07064334,0.08514657,1
