date,tid,price,amount,type
1503082366,18776423,251.34,1.00163000,1
1503082364,18776422,251.35,1.36744390,0
1503082239,18776255,251.36,1.00000000,0
1503082191,18776213,251.36,1.50700190,0
1503082189,18776202,251.35,1.36744390,0
1503082188,18776197,251.35,0.17255610,0
1503082114,18776151,251.36,1.70854551,0
1503082112,18776150,251.35,2.26000000,0
1503082103,18776146,251.36,0.00339000,0
1503082102,18776145,251.35,2.26000000,0
1503082050,18776100,251.35,1.77021000,0
1503082004,18776048,251.07,1.63141365,1
1503081978,18776007,251.03,0.00309000,1
1503081978,18776006,251.28,1.06000000,1
1503081978,18776005,251.28,1.00000000,1
1503081925,18775988,251.36,2.13964035,0
1503081914,18775984,251.36,1.22894600,0
1503081891,18775979,252.57,0.60000000,0
1503081836,18775930,252.60,0.38052256,0
1503081836,18775929,252.60,0.75000000,0
1503081836,18775928,252.59,7.41256584,1
1503081835,18775925,252.59,0.15489783,1
1503081835,18775924,252.59,1.28535100,0
1503081803,18775911,252.53,0.50306100,0
1503081607,18775755,251.41,0.00031355,1
1503081606,18775754,252.15,0.20931545,1
1503081478,18775684,252.15,0.21400000,1
1503081465,18775683,252.15,0.57668455,1
1503081465,18775682,252.41,0.69331643,1
1503081452,18775678,252.88,0.00000003,1
1503081452,18775677,252.88,0.99999997,1
1503081330,18775594,253.00,1.90380518,1
1503081330,18775593,253.00,0.00353746,1
1503081330,18775592,253.06,0.07686536,1
1503081195,18775487,253.55,0.26752119,0
1503081195,18775486,253.54,4.30000000,1
1503081194,18775485,253.54,0.86000000,1
1503081193,18775484,253.54,0.71000000,0
1503081127,18775469,253.85,0.00000189,1
1503081126,18775467,253.85,0.21399811,1
1503081126,18775466,254.00,0.00000189,1
1503080806,18775278,254.10,0.18651075,1
1503080785,18775265,254.99,8.47000000,0
1503080785,18775264,254.80,0.40000000,0
1503080785,18775263,254.79,0.63000000,0
1503080755,18775244,254.03,1.33842460,1
1503080736,18775236,254.02,5.23027000,1
1503080632,18775187,254.99,4.52000000,0
1503080632,18775186,254.98,4.15000000,0
1503080632,18775185,254.82,0.83000000,0
1503080551,18775138,254.02,0.25743000,1
1503080445,18775065,254.39,20.00000000,0
1503080302,18774954,254.82,2.84531300,0
1503080302,18774953,254.81,9.15468700,0
1503080233,18774886,254.00,0.03047000,1
1503080232,18774882,254.00,0.17086669,1
1503080130,18774761,255.14,0.14527162,0
1503080129,18774760,255.13,9.37875900,0
1503080129,18774759,254.30,0.21400000,0
1503080129,18774758,253.96,0.38196938,0
1503080129,18774757,253.95,0.88000000,0
1503079989,18774648,253.60,0.29881600,1
1503079989,18774647,253.60,0.41000000,1
1503079989,18774646,253.60,0.40000000,1
1503079988,18774642,253.67,0.03528593,1
1503079987,18774640,253.67,0.17871407,1
1503079932,18774526,254.90,0.51000000,0
1503079932,18774525,254.89,4.61000000,0
1503079931,18774524,254.87,0.92000000,0
1503079931,18774523,254.87,0.64000000,0
1503079931,18774522,254.86,4.32000000,0
1503079855,18774348,253.54,0.36238479,1
1503079656,18774209,255.70,0.40756360,1
1503079655,18774204,255.70,1.21200626,1
1503079653,18774203,254.54,0.21300000,0
1503079653,18774202,254.53,0.76000000,0
1503079653,18774201,254.52,0.40743014,0
1503079608,18774113,253.51,1.26300000,0
1503079606,18774104,253.06,0.92313464,1
1503079606,18774102,253.40,0.31000000,1
1503079606,18774099,253.50,0.07686536,1
1503079606,18774096,253.50,1.00353700,1
1503079605,18774094,253.50,9.77629764,1
1503079605,18774091,253.51,1.05000000,1
1503079605,18774087,253.52,0.03040236,1
1503079602,18774080,253.52,0.18259764,1
1503079592,18774022,255.55,0.00000039,1
1503079592,18774017,255.55,3.76054900,1
1503079591,18774014,255.55,2.95445400,1
1503079587,18773997,255.55,2.92668500,1
1503079586,18773990,255.55,0.18017536,1
1503079555,18773946,255.56,0.60576300,1
1503079552,18773938,255.56,0.16613896,1
1503079541,18773928,255.55,0.71940000,1
1503079540,18773926,255.55,0.39252400,1
1503079532,18773912,255.55,0.34833300,1
1503079531,18773907,255.55,0.71787925,1
1503079515,18773885,254.79,0.15432669,1
1503079507,18773877,254.79,0.15522507,1
1503079460,18773823,254.84,2.00000000,1
1503079460,18773821,256.01,1.39057506,1
1503079459,18773815,256.01,0.17916797,1
1503079458,18773811,256.01,0.37842306,0
1503079436,18773737,254.85,8.84724344,1
1503079431,18773719,254.82,0.15276724,1
1503079430,18773717,254.82,6.95058000,1
1503079430,18773713,254.82,1.00000000,1
1503079430,18773712,254.82,1.00000000,1
1503079396,18773699,254.91,0.02479000,1
1503079392,18773688,254.89,3.16724858,1
1503079386,18773675,254.82,0.18096039,1
1503079303,18773628,254.89,9.16818000,1
1503079260,18773566,254.85,1.28656000,1
1503079256,18773564,254.83,0.25736400,1
1503079255,18773563,254.84,0.21200000,1
1503079253,18773562,254.83,0.02469000,0
1503079245,18773556,254.82,1.37058000,1
1503079231,18773555,254.81,0.32602000,1
1503079224,18773552,254.79,0.29778900,1
1503079207,18773539,255.10,10.00000000,0
1503078936,18773347,254.01,0.97216480,1
1503078928,18773335,254.01,7.48301132,1
1503078928,18773333,254.02,0.40742600,1
1503078920,18773324,254.02,0.59225600,1
1503078882,18773304,254.02,0.00031800,1
1503078882,18773303,254.02,0.21200000,1
1503078864,18773285,254.10,2.23632908,1
1503078855,18773267,255.89,1.10348196,1
1503078855,18773265,254.53,0.69161759,0
1503078854,18773264,254.49,8.93814000,1
1503078853,18773263,254.49,0.21199805,0
1503078834,18773250,254.10,8.46646992,0
1503078834,18773249,254.08,1.29720100,0
1503078664,18773134,254.12,8.46584290,1
1503078664,18773132,254.10,0.18763728,0
1503078663,18773130,254.06,3.90000000,0
1503078663,18773128,253.94,6.11502718,1
1503078662,18773127,253.94,0.18412813,1
1503078661,18773124,253.94,0.78000000,0
1503078648,18773112,253.00,0.34000000,1
1503078638,18773096,253.00,0.05000000,1
1503078637,18773095,253.00,1.00000000,1
1503078559,18772895,253.47,0.21199805,1
1503078559,18772891,253.50,0.02080195,1
1503078466,18772612,254.10,0.37788272,0
1503078464,18772610,254.07,0.21100000,0
1503078434,18772577,253.50,1.00000000,1
1503078297,18772463,254.12,0.39000000,0
1503078225,18772380,254.00,0.41822200,1
1503078210,18772361,254.00,0.75348700,1
1503078204,18772351,254.00,1.96074805,1
1503078202,18772346,254.00,1.41924000,1
1503078201,18772342,254.00,2.57254600,1
1503078200,18772340,254.00,1.37954700,1
1503078195,18772329,254.19,0.39242299,1
1503078182,18772303,254.26,0.03793238,0
1503078141,18772260,254.30,10.00000000,0
1503078136,18772257,253.50,0.47540800,1
1503077932,18772118,253.80,0.18447902,0
1503077884,18772004,253.00,0.24999864,1
1503077883,18772003,253.00,0.00000136,1
1503077805,18771896,253.00,0.09728000,1
1503077785,18771863,253.00,0.89233326,1
1503077785,18771862,253.14,0.10766674,1
1503077754,18771809,253.14,0.19999500,1
1503077745,18771757,253.14,9.61600000,1
1503077717,18771633,253.14,0.07633826,1
1503077717,18771632,253.15,0.21100000,1
1503077706,18771587,253.15,1.55297000,1
1503077706,18771585,253.15,0.84000000,1
1503077659,18771506,253.20,0.00000500,0
1503077659,18771505,253.20,2.48109500,0
1503077563,18771290,253.89,0.00105000,0
1503077562,18771288,253.88,0.70000000,0
1503077550,18771275,253.88,0.27111234,0
1503077542,18771264,253.41,0.15968635,0
1503077533,18771221,252.09,2.94632205,0
1503077533,18771214,252.09,0.13367795,0
1503077525,18771203,253.12,1.00000000,1
1503077525,18771202,253.40,0.10000000,1
1503077523,18771200,250.00,1.01412283,1
1503077523,18771199,250.00,1.00000000,1
1503077523,18771198,250.00,0.25000000,1
1503077523,18771197,250.00,0.58992150,1
1503077522,18771196,250.00,3.29409328,1
1503077522,18771194,250.00,1.20000000,1
1503077522,18771193,250.00,1.14516000,1
1503077521,18771191,250.00,0.26529510,1
1503077521,18771190,250.00,1.00000000,1
1503077521,18771189,250.00,2.00000000,1
1503077521,18771188,250.00,0.02000000,1
1503077521,18771187,250.00,0.10000000,1
1503077520,18771185,250.00,0.04000000,1
1503077520,18771184,250.00,0.02000000,1
1503077520,18771182,250.01,3.59000000,1
1503077520,18771181,250.01,2.76008959,1
1503077520,18771180,250.01,2.00000000,1
1503077520,18771179,250.01,3.70000000,1
1503077519,18771178,250.01,0.20000000,1
1503077519,18771177,250.13,3.99800103,1
1503077519,18771176,250.50,1.00000000,1
1503077519,18771175,250.59,0.32000000,1
1503077519,18771174,250.63,0.07959941,1
1503077518,18771172,250.66,0.10000000,1
1503077518,18771169,250.80,0.10000000,1
1503077518,18771166,250.99,0.21371726,1
1503077517,18771165,250.99,0.78628274,1
1503077517,18771163,251.00,0.20000000,1
1503077517,18771162,251.00,0.50000000,1
1503077517,18771161,251.30,2.00000000,1
1503077516,18771158,251.91,3.00000000,1
1503077516,18771157,252.00,0.20000000,1
1503077516,18771155,252.00,0.10000000,1
1503077516,18771154,252.00,1.00000000,1
1503077516,18771151,252.00,3.96800000,1
1503077516,18771150,252.10,4.00000000,1
1503077515,18771147,252.20,2.10000000,1
1503077515,18771144,252.30,0.50000000,1
1503077515,18771143,252.40,1.52346431,1
1503077515,18771141,252.51,2.00000000,1
1503077514,18771139,252.99,1.21604575,1
1503077514,18771138,253.00,0.20000000,1
1503077514,18771137,253.00,0.04000000,1
1503077514,18771135,253.00,0.20000000,1
1503077514,18771133,253.00,3.64036245,1
1503077513,18771132,253.03,0.69161759,1
1503077513,18771130,253.35,0.50000000,1
1503077513,18771127,253.40,0.29234716,1
1503077511,18771122,253.40,1.19161800,1
1503077510,18771117,253.40,4.61603484,1
1503077509,18771115,253.41,0.58445616,1
1503077506,18771101,253.41,0.02109416,1
1503077504,18771088,253.88,0.15000000,1
1503077485,18770994,254.00,0.20000000,1
1503077485,18770992,254.00,1.23559500,1
1503077484,18770988,254.00,13.30139800,1
1503077484,18770983,254.00,5.46300700,1
1503077483,18770974,254.00,26.96669881,1
1503077482,18770964,254.00,5.19737800,1
1503077481,18770959,254.00,0.25987500,1
1503077454,18770828,254.00,11.97593100,1
1503077428,18770783,254.00,0.68046600,1
1503077397,18770758,254.00,5.00001000,1
1503077396,18770755,254.00,26.82882300,1
1503077365,18770651,254.00,0.69214600,1
1503077327,18770489,254.01,0.31064014,1
1503077325,18770484,254.00,2.01643400,1
1503077324,18770480,254.01,0.18968713,1
1503077324,18770475,254.01,3.73712361,1
1503077324,18770471,254.01,2.00000000,1
1503077323,18770470,254.03,1.18190765,1
1503077323,18770468,254.21,2.54089602,1
1503077323,18770467,254.50,0.00003968,1
1503077323,18770464,254.93,0.00003304,1
1503077198,18770209,254.93,0.85156710,1
1503077177,18770171,255.76,0.04625100,0
1503077177,18770170,255.28,0.15386176,0
1503077177,18770169,255.27,0.29988724,0
1503077125,18770109,254.93,8.11200000,1
1503077121,18770107,254.93,1.03639986,1
1503077073,18770067,254.52,0.90364109,1
1503077071,18770049,254.52,5.25124259,1
1503076944,18769935,254.87,0.03915722,0
1503076893,18769899,254.74,0.28733826,0
1503076877,18769896,254.75,0.00011775,1
1503076833,18769864,254.78,0.07566989,1
1503076832,18769863,254.78,1.56040506,0
1503076832,18769862,254.78,0.76591893,0
1503076805,18769842,254.75,7.99988225,1
1503076773,18769834,254.50,0.71776032,1
1503076735,18769800,254.50,0.28220000,1
1503076708,18769768,254.34,3.23106527,1
1503076708,18769766,254.68,0.00149585,1
1503076658,18769719,254.04,0.99994415,0
1503076647,18769704,254.04,0.00005585,1
1503076585,18769642,254.04,3.88466384,1
1503076550,18769608,254.07,0.08735826,0
1503076550,18769606,254.07,7.41425174,1
1503076549,18769603,254.07,0.18206379,1
1503076548,18769598,254.07,7.47144488,1
1503076543,18769588,254.07,1.63173034,1
1503076543,18769587,254.10,0.60229966,1
1503076543,18769583,254.10,0.16365574,1
1503076527,18769566,254.10,0.23404460,1
1503076527,18769564,254.46,0.07840132,1
1503076526,18769563,254.54,0.68751473,1
1503076526,18769562,254.60,2.17853348,1
1503076526,18769560,254.60,0.29996073,1
1503076526,18769558,254.60,0.38747545,1
1503076525,18769555,254.60,0.30000000,1
1503076478,18769494,254.99,2.25025199,1
1503076478,18769492,254.99,0.29992742,1
1503076478,18769490,255.17,0.00003331,1
1503076463,18769477,255.17,1.04996669,1
1503076438,18769462,254.71,0.00000403,1
1503076438,18769461,255.09,0.05864597,1
1503076438,18769459,255.16,3.20000000,1
1503076436,18769450,255.28,0.03580225,1
1503076435,18769448,255.28,0.28419775,1
1503076431,18769441,256.03,0.15195797,0
1503076431,18769440,256.03,6.14000000,0
1503076431,18769439,256.03,0.70804203,0
1503076400,18769413,255.25,3.10000000,1
1503076400,18769412,255.26,16.14000000,1
1503076400,18769411,255.28,2.73957002,1
1503076399,18769406,256.08,7.79057325,0
1503076397,18769390,255.28,0.16042998,1
1503076397,18769388,255.29,0.03449325,1
1503076395,18769374,255.29,0.16050675,1
1503076258,18769295,256.28,7.00000000,0
1503076087,18769162,256.30,5.29032599,0
1503076086,18769161,256.09,1.04000000,0
1503076086,18769160,256.09,0.66967401,0
1503075958,18769051,256.27,0.07907600,0
1503075958,18769050,255.93,0.67204900,0
1503075958,18769049,255.93,0.07795100,0
1503075815,18768907,256.07,5.99999996,0
1503075815,18768906,255.62,0.00000004,0
1503075795,18768895,255.62,8.13886100,0
1503075785,18768884,255.62,1.95133401,0
1503075681,18768774,256.02,1.04000000,0
1503075505,18768654,254.83,5.10946431,1
1503075505,18768653,256.00,8.40473569,1
1503075503,18768648,256.00,0.67933590,1
1503075501,18768643,256.00,2.09003903,1
1503075495,18768627,256.30,2.76000000,0
1503075495,18768626,256.29,3.53000000,0
1503075494,18768625,256.28,0.71000000,0
1503075488,18768611,256.00,15.86559025,1
1503075487,18768610,256.00,2.23319878,1
1503075483,18768606,256.00,2.46999997,1
1503075400,18768505,256.29,1.47999500,0
1503075399,18768503,256.29,0.32229115,0
1503075397,18768501,256.28,1.04000000,0
1503075243,18768393,256.29,0.17966900,0
1503075231,18768388,256.29,1.04000000,0
1503075158,18768290,256.29,0.17447700,0
1503075157,18768289,256.29,0.17447700,0
1503075155,18768285,256.29,0.32808900,0
1503075106,18768266,256.29,0.22689200,0
1503075055,18768214,256.29,0.17743200,0
1503075035,18768186,256.30,1.71292700,0
1503075035,18768185,256.29,1.13000000,0
1503075023,18768147,256.30,0.27664300,0
1503075018,18768140,256.30,6.16749000,0
1503075017,18768139,256.29,1.40000000,0
1503075016,18768132,256.30,7.38806086,0
1503075013,18768125,256.30,6.36681168,0
1503075013,18768124,256.29,1.29463432,0
1503075012,18768116,256.29,0.18536568,0
1503074931,18768031,256.30,7.49519000,0
1503074930,18768030,256.29,0.69000000,0
1503074853,18767954,256.30,6.00000000,0
1503074848,18767932,256.30,4.80000000,0
1503074848,18767931,256.29,1.20000000,0
1503074784,18767882,256.29,0.19459617,0
1503074748,18767839,256.30,0.38919235,0
1503074741,18767830,256.30,1.66503000,0
1503074741,18767829,256.29,0.59000000,0
1503074736,18767817,256.29,0.60223000,0
1503074735,18767816,256.29,1.04000000,0
1503074705,18767798,256.29,0.29000000,0
1503074700,18767795,256.30,10.80589153,0
1503074698,18767794,256.29,0.87000000,0
1503074609,18767708,256.28,0.19463087,0
1503074581,18767683,256.30,0.00030000,0
1503074580,18767682,256.29,0.20000000,0
1503074558,18767664,256.29,0.30000000,0
1503074549,18767657,256.00,3.38352000,1
1503074519,18767637,256.30,1.65000000,0
1503074518,18767636,256.29,0.35000000,0
1503074499,18767601,256.30,0.00063000,0
1503074499,18767600,256.29,0.42000000,0
1503074432,18767512,256.30,2.71525555,0
1503074431,18767510,256.29,0.45000000,0
1503074352,18767435,256.29,0.47471000,0
1503074292,18767372,256.29,0.72999500,0
1503074288,18767366,256.30,0.16278313,0
1503074283,18767358,256.30,0.02192742,0
1503074283,18767357,256.29,0.86000000,0
1503074281,18767354,256.28,0.13000000,0
1503074256,18767330,256.28,0.47502100,0
1503074253,18767323,256.29,0.47502500,0
1503074218,18767290,256.29,0.23352452,0
1503074194,18767277,256.29,0.67980600,0
1503074189,18767269,256.28,0.11150000,0
1503074186,18767264,256.29,0.16157711,0
1503074086,18767039,256.29,1.32090000,0
1503074064,18767020,256.00,4.55000000,1
1503074062,18767019,256.04,1.00000000,1
1503074050,18767006,256.29,0.10000000,0
1503074014,18766961,256.29,0.71000000,0
1503073983,18766913,256.30,0.55025360,0
1503073981,18766911,256.29,0.45000000,0
1503073949,18766864,256.29,0.17338700,0
1503073939,18766850,256.20,0.50000000,1
1503073939,18766849,256.21,0.09311200,1
1503073928,18766824,256.30,21.24531800,0
1503073927,18766823,256.29,0.56000000,0
1503073920,18766805,256.21,0.70000000,1
1503073910,18766776,256.29,0.45558140,0
1503073904,18766760,256.29,0.76000000,0
1503073886,18766728,256.29,0.27956400,0
1503073880,18766710,256.30,0.52018215,0
1503073880,18766708,256.29,0.79311785,0
1503073874,18766697,256.29,0.15688215,0
1503073783,18766553,256.30,1.26058000,0
1503073782,18766550,256.29,0.98823400,0
1503073779,18766545,256.29,0.18176600,0
1503073775,18766538,256.29,0.19462328,0
1503073734,18766478,256.29,0.20189400,0
1503073729,18766462,256.29,0.32703100,0
1503073686,18766433,256.30,0.32530000,0
1503073686,18766432,256.29,1.88000000,0
1503073654,18766413,256.29,2.24000000,0
1503073635,18766396,256.29,1.01054000,0
1503073626,18766383,256.29,0.17826651,0
1503073572,18766356,256.29,0.92549104,0
1503073557,18766343,256.29,0.38920754,0
1503073506,18766311,256.30,0.04644668,0
1503073505,18766310,256.29,2.82341332,0
1503073504,18766308,256.29,0.11658668,0
1503073436,18766239,256.30,1.87967225,0
1503073434,18766237,256.29,3.18000000,0
1503073430,18766234,256.27,0.04900000,0
1503073418,18766207,256.28,1.16820642,0
1503073410,18766202,256.29,0.30000000,0
1503073357,18766168,256.29,5.23125000,0
1503073199,18766058,256.24,0.12988631,0
1503073197,18766054,256.23,0.96084800,0
1503073129,18765978,256.29,0.17503800,0
1503073098,18765941,256.29,1.11799000,0
1503073098,18765940,256.28,0.61000000,0
1503073077,18765920,256.28,0.08735500,1
1503073071,18765911,256.29,0.64509866,0
1503073070,18765910,256.29,0.28037638,0
1503073068,18765903,256.28,0.54000000,0
1503073050,18765873,256.29,0.13703000,1
1503073048,18765864,256.30,1.56463100,0
1503073047,18765863,256.30,3.23890000,0
1503073047,18765862,256.30,10.00000000,0
1503073047,18765861,256.30,2.29536400,0
1503073047,18765860,256.30,26.10294300,0
1503073047,18765858,256.30,6.06538200,0
1503073043,18765846,256.29,0.11736865,0
1503073041,18765842,256.28,2.65000000,0
1503073041,18765840,256.12,0.00546991,0
1503073029,18765827,256.12,0.01948305,0
1503072995,18765779,256.12,0.28037638,0
1503072992,18765769,256.12,0.38196938,0
1503072952,18765716,255.88,3.64351500,0
1503072950,18765710,255.88,0.40650292,0
1503072949,18765706,255.88,0.38998200,0
1503072947,18765694,255.07,9.99935950,1
1503072910,18765661,255.93,1.36416208,0
1503072822,18765587,256.08,0.30923208,0
1503072804,18765567,254.07,7.29739632,1
1503072804,18765566,254.62,0.68729872,1
1503072804,18765565,254.63,40.00000000,1
1503072803,18765564,254.80,0.96085714,1
1503072803,18765563,254.80,6.13000000,0
1503072803,18765562,254.80,0.16092559,0
1503072803,18765561,254.80,1.04000000,0
1503072802,18765560,255.00,0.25792156,1
1503072802,18765559,255.00,0.25634022,1
1503072802,18765558,255.00,0.39215686,1
1503072802,18765557,255.00,0.20000000,1
1503072802,18765556,255.00,0.04200000,1
1503072801,18765555,255.00,0.04000000,1
1503072801,18765554,255.00,7.48709804,1
1503072801,18765553,255.00,17.06203110,1
1503072801,18765551,255.01,6.03000000,1
1503072800,18765550,255.01,2.97744000,1
1503072800,18765547,255.01,16.02000000,0
1503072800,18765546,255.28,1.17224224,1
1503072799,18765545,255.93,0.21000000,1
1503072799,18765543,256.10,0.10000000,1
1503072798,18765542,256.16,7.11182034,1
1503072798,18765540,256.18,0.78000000,1
1503072796,18765537,256.20,6.00000000,1
1503072792,18765522,256.28,0.19442300,0
1503072711,18765478,256.29,0.32000000,0
1503072687,18765464,256.30,0.20264600,0
1503072682,18765458,256.30,0.00159000,0
1503072682,18765457,256.29,1.06000000,0
1503072663,18765440,256.30,2.63199375,0
1503072662,18765436,256.29,1.26000000,0
1503072635,18765387,256.29,0.18215500,0
1503072627,18765370,256.30,0.00229000,0
1503072626,18765369,256.29,1.53000000,0
1503072577,18765303,256.29,0.35030629,0
1503072434,18765050,256.16,0.13533171,1
1503072403,18764957,256.29,0.06800000,0
1503072283,18764533,256.16,2.30629295,1
1503072225,18764509,256.16,0.44655500,1
1503072201,18764502,256.30,0.23805700,0
1503072199,18764501,256.30,4.50784237,0
1503072199,18764500,256.29,2.24000000,0
1503072197,18764499,256.16,1.03670958,0
1503072092,18764195,256.29,0.07927000,0
1503072008,18764079,256.29,0.01947013,0
1503071945,18764031,256.29,0.13621288,0
1503071906,18764016,256.29,1.16762262,0
1503071883,18763995,256.30,8.76597737,0
1503071882,18763994,256.29,2.91000000,0
1503071872,18763993,256.29,0.04475399,0
1503071774,18763933,256.29,0.29000000,0
1503071742,18763866,256.29,0.61116600,0
1503071696,18763843,256.03,0.12276650,1
1503071696,18763842,256.28,0.16766818,1
1503071696,18763840,256.28,1.00000000,0
1503071667,18763795,256.03,0.29039562,1
1503071640,18763773,256.02,0.29071944,0
1503071592,18763744,256.30,0.32475600,0
1503071592,18763743,256.30,1.14548000,0
1503071592,18763742,256.29,0.78726000,0
1503071588,18763735,256.29,1.93274000,0
1503071508,18763685,256.29,1.29193000,0
1503071414,18763604,256.01,0.64000000,1
1503071354,18763593,256.29,0.51784400,0
1503071352,18763591,256.29,2.00012000,0
1503071210,18763550,256.29,1.01588000,0
1503071167,18763535,256.00,0.77698707,1
1503071132,18763522,256.29,1.87808200,0
1503071132,18763518,256.29,0.16208230,0
1503071116,18763515,256.28,0.32000000,0
1503070944,18763395,256.28,0.38922273,0
1503070833,18763254,256.28,1.08321579,0
1503070831,18763250,256.29,1.42104600,0
1503070806,18763235,256.29,2.65000000,0
1503070805,18763232,256.30,5.12399531,0
1503070803,18763231,256.29,2.66000000,0
1503070737,18763182,256.30,6.27529100,0
1503070736,18763179,256.29,1.34822100,0
1503070734,18763172,256.29,2.03177900,0
1503070705,18763150,256.29,1.74183886,0
1503070705,18763149,256.28,0.20900000,0
1503070672,18763131,255.43,0.36566377,1
1503070672,18763130,255.49,0.20900000,1
1503070663,18763118,256.29,0.56643300,0
1503070489,18762980,255.99,0.76254500,0
1503070486,18762977,255.99,1.73200000,0
1503070184,18762728,255.98,0.97421674,0
1503070057,18762592,255.40,1.00000000,1
1503070057,18762591,255.41,0.56119051,1
1503070012,18762572,255.41,0.46880949,1
1503070012,18762571,255.41,0.70302651,1
1503069742,18762196,256.65,0.57198516,1
1503069739,18762172,256.65,8.77800800,1
1503069739,18762170,256.65,1.03000000,1
1503069733,18762155,257.33,1.86962266,0
1503069733,18762150,257.24,0.20800000,0
1503069732,18762146,257.23,0.70000000,0
1503069732,18762144,257.23,5.68364283,1
1503069732,18762142,257.23,0.37203800,1
1503069731,18762137,256.65,3.51000000,0
1503069729,18762129,256.64,6.68080900,0
1503069687,18762049,255.42,1.87526900,1
1503069686,18762048,255.42,0.64661377,1
1503069686,18762047,255.52,0.70944723,1
1503069677,18762031,255.52,0.25545600,1
1503069673,18762024,256.00,4.62327135,1
1503069673,18762022,256.00,7.95645858,1
1503069673,18762021,256.00,20.00000000,1
1503069673,18762019,256.00,1.88207142,1
1503069672,18762017,256.00,0.11792858,1
1503069672,18762015,256.00,1.55000142,1
1503069653,18761990,256.00,2.74378903,1
1503069648,18761975,256.00,1.12015622,1
1503069621,18761955,256.01,2.91841069,1
1503069620,18761953,256.01,0.07791754,1
1503069591,18761940,256.01,0.92208246,1
1503069591,18761939,256.04,0.07791751,1
1503069255,18761663,257.15,16.87400350,0
1503069231,18761653,256.00,0.10334300,1
1503069143,18761580,257.19,0.00003888,1
1503069142,18761578,257.14,0.15969266,1
1503069141,18761575,257.14,0.62000000,0
1503069100,18761527,257.17,0.50000000,1
1503069099,18761526,257.17,0.53000000,0
1503068906,18761286,256.01,11.07000000,1
1503068895,18761283,256.54,5.83246277,0
1503068894,18761282,256.54,0.29883100,0
1503068866,18761254,256.01,0.87906719,1
1503068822,18761205,256.64,0.39459944,0
1503068722,18761133,256.00,2.29491000,1
1503068714,18761126,256.00,0.00030033,1
1503068714,18761125,256.60,0.20000067,1
1503068707,18761121,256.62,3.89680000,1
1503068706,18761120,257.01,0.00009952,1
1503068629,18761048,257.03,5.65999954,1
1503068615,18761023,257.01,3.01134059,1
1503068611,18761017,257.17,0.00010693,1
1503068610,18761016,257.17,0.74989307,1
1503068609,18761014,257.41,3.89452624,0
1503068584,18761000,257.17,0.38787572,0
1503068578,18760970,257.17,0.27153245,0
1503068544,18760933,256.61,1.96279200,1
1503068461,18760875,256.60,0.19963600,1
1503068455,18760870,256.60,0.00030000,1
1503068454,18760869,256.61,0.20000000,1
1503068397,18760799,256.60,0.24277000,1
1503068396,18760798,256.61,0.10000000,1
1503068395,18760795,256.60,0.00045000,1
1503068394,18760794,256.61,0.10000000,1
1503068394,18760793,256.61,0.10000000,1
1503068394,18760792,256.61,0.10000000,1
1503068386,18760788,256.60,1.35684333,1
1503068386,18760787,256.60,1.18673667,1
1503068340,18760734,256.60,0.15636000,1
1503068336,18760732,256.60,0.15631333,1
1503068312,18760716,256.60,0.00059000,1
1503068312,18760714,256.70,0.39330500,1
1503068311,18760713,256.70,0.60669500,1
1503068229,18760664,257.43,0.08099289,0
1503068163,18760614,256.58,1.45688884,1
1503068042,18760551,256.58,0.04955900,1
1503068041,18760546,256.58,0.50838200,1
1503068041,18760545,256.69,0.00659700,1
1503068038,18760536,256.69,0.20140300,1
1503067969,18760339,256.62,0.20831200,1
1503067907,18760255,257.44,3.26588719,0
1503067905,18760254,256.60,1.00000000,0
1503067882,18760242,256.58,1.67177471,1
1503067880,18760241,256.58,1.03000000,0
1503067880,18760240,256.58,0.28339545,0
1503067849,18760222,256.58,0.38876764,0
1503067833,18760210,256.58,0.28876764,0
1503067832,18760209,256.58,0.10000000,0
1503067762,18760163,255.41,0.10000000,0
1503067691,18760075,255.02,0.73619931,1
1503067690,18760074,255.04,0.16380069,1
1503067669,18760066,255.04,0.79713004,1
1503067669,18760065,255.05,0.40912515,1
1503067588,18759959,255.07,0.29237500,1
1503067470,18759886,255.07,0.20509800,1
1503067427,18759860,255.41,0.01802085,0
1503067426,18759858,255.41,0.70150600,0
1503067352,18759804,255.41,0.24000000,0
1503067319,18759771,255.01,0.05932000,0
1503067314,18759765,255.00,0.10144600,1
1503067307,18759761,255.01,0.20650600,1
1503067299,18759754,255.01,0.68392100,1
1503067270,18759705,255.00,0.23810000,1
1503067267,18759704,255.00,3.00000000,1
1503067255,18759683,255.00,2.44591400,1
1503067248,18759669,255.00,0.70650000,1
1503067239,18759649,255.00,2.44600890,1
1503067239,18759648,255.04,1.49796110,1
1503067236,18759646,255.39,0.02600000,1
1503067227,18759635,255.41,8.05860400,1
1503067227,18759634,255.41,0.73131038,1
1503067226,18759633,255.42,1.06999962,1
1503067226,18759631,255.42,2.02869000,1
1503067222,18759603,255.42,0.17131038,1
1503067216,18759586,256.59,0.09719786,0
1503067141,18759519,255.44,0.01961000,1
1503067050,18759404,256.59,0.15982696,0
1503066997,18759316,255.41,6.68000200,0
1503066997,18759315,255.40,1.37847881,0
1503066996,18759311,255.40,1.03000000,0
1503066996,18759310,255.40,0.00000019,1
1503066995,18759309,255.40,3.60999800,1
1503066991,18759295,255.40,0.00000181,0
1503066969,18759239,255.39,0.20900000,1
1503066961,18759220,255.40,0.14279377,1
1503066840,18758996,256.74,1.10000000,0
1503066836,18758988,256.75,3.88514119,0
1503066715,18758808,255.50,1.00000000,1
1503066709,18758795,257.32,5.00010418,0
1503066709,18758794,257.32,1.63529967,0
1503066709,18758792,257.32,4.30039593,0
1503066704,18758778,257.32,8.05860407,0
1503066685,18758702,255.40,1.50361500,1
1503066682,18758694,255.40,0.04279400,1
1503066682,18758692,255.48,0.10000000,1
1503066675,18758672,255.66,1.53693900,1
1503066657,18758646,255.66,6.46306100,1
1503066653,18758635,255.80,5.68904498,1
1503066653,18758634,255.88,0.95717019,1
1503066652,18758632,256.61,0.00002833,1
1503066648,18758619,256.61,0.20897167,1
1503066646,18758613,257.48,0.05763554,0
1503066644,18758608,256.60,0.00031500,0
1503066587,18758479,255.88,0.21000000,1
1503066566,18758439,255.88,0.03908500,1
1503066563,18758433,257.63,0.21000000,1
1503066559,18758431,257.76,0.36360968,1
1503066559,18758428,257.76,0.16477195,1
1503066558,18758426,257.76,0.18290018,0
1503066535,18758409,257.76,4.14540657,1
1503066534,18758407,257.71,0.29000000,0
1503066534,18758406,257.71,2.27836000,1
1503066534,18758405,257.50,0.74679958,0
1503066534,18758402,257.49,5.51000000,0
1503066533,18758396,257.48,9.58347497,1
1503066532,18758392,257.48,0.16342392,1
1503066532,18758391,257.48,0.28000000,0
1503066532,18758389,257.48,0.24016001,0
1503066492,18758326,257.48,0.18983999,0
1503066439,18758297,255.81,0.28668672,1
1503066439,18758296,255.81,0.43000000,1
1503066412,18758251,257.49,0.00090000,0
1503066412,18758250,257.09,0.60000000,0
1503066347,18758149,257.10,0.00005957,0
1503066347,18758148,257.10,0.24467010,1
1503066346,18758147,257.04,2.47169931,0
1503066304,18758093,255.80,0.18136563,1
1503066268,18758051,255.80,14.42533100,1
1503066244,18757993,255.80,3.10144369,1
1503066243,18757992,255.80,0.01496631,1
1503066237,18757986,255.80,0.16503369,1
1503066236,18757983,256.00,0.00000021,1
1503066199,18757931,256.00,2.21199500,1
1503066192,18757921,257.36,0.11000000,0
1503066190,18757917,256.00,0.36128906,1
1503066190,18757915,256.01,0.38519139,1
1503066189,18757912,257.36,0.13000000,0
1503066182,18757888,257.37,0.16000000,0
1503066180,18757885,257.38,0.19000000,0
1503066178,18757883,257.39,0.28000000,0
1503066177,18757881,257.39,0.28000000,0
1503066173,18757877,257.39,1.16523596,0
1503066169,18757871,257.41,0.34000000,0
1503066159,18757853,257.44,0.41000000,0
1503066139,18757749,256.02,0.25466760,1
1503066139,18757746,256.30,0.88660070,1
1503066138,18757733,256.30,0.14339930,1
1503066114,18757654,257.46,0.49000000,0
1503066045,18757513,257.50,0.45185000,0
1503066044,18757512,257.45,0.04815000,0
1503066033,18757477,257.75,0.08236663,1
1503066032,18757471,257.76,0.50000000,0
1503066032,18757468,257.45,0.11432009,1
1503066031,18757465,257.45,0.52000000,0
1503066030,18757452,257.45,0.50000000,0
1503066030,18757450,256.28,0.68291728,0
1503066029,18757442,256.03,0.22659632,0
1503066028,18757437,256.03,0.50000000,0
1503066027,18757430,256.03,8.77338830,1
1503066027,18757428,256.03,0.72661170,1
1503066026,18757425,256.26,0.68290018,1
1503066026,18757420,256.28,0.33709985,1
1503066026,18757418,256.28,0.68290015,1
1503066025,18757397,257.46,0.50000000,0
1503066023,18757383,257.46,0.50000000,0
1503066021,18757374,257.46,0.50000000,0
1503066019,18757367,257.46,0.50000000,0
1503066018,18757361,257.45,0.50000000,0
1503066016,18757350,257.46,0.50000000,0
1503066014,18757341,257.47,0.50000000,0
1503066012,18757336,257.47,0.50000000,0
1503066011,18757330,257.47,0.30000000,0
1503066011,18757329,257.46,0.20000000,0
1503066007,18757314,257.46,0.50000000,0
1503066004,18757297,257.48,0.50000000,0
1503065994,18757239,257.77,0.24000000,0
1503065977,18757199,257.78,0.24000000,0
1503065976,18757193,257.79,0.31000000,0
1503065973,18757190,257.93,0.31000000,0
1503065973,18757186,257.93,4.91122468,0
1503065972,18757184,257.82,0.69000000,0
1503065972,18757183,257.82,3.43000000,0
1503065972,18757181,257.80,9.88444532,1
1503065971,18757178,257.80,0.77000000,0
1503065971,18757177,257.80,0.31433000,0
1503065958,18757168,257.84,0.50000000,0
1503065939,18757152,257.85,0.50000000,0
1503065937,18757148,257.86,0.50000000,0
1503065928,18757121,257.90,0.50000000,0
1503065921,18757113,257.92,0.50000000,0
1503065918,18757112,257.92,0.50000000,0
1503065916,18757111,257.93,0.50000000,0
1503065913,18757105,257.93,0.50000000,0
1503065913,18757103,256.39,0.00008961,1
1503065912,18757102,256.40,0.21091039,0
1503065911,18757101,256.40,0.00030000,0
1503065903,18757098,257.36,0.20000000,1
1503065876,18757081,256.37,0.00030000,1
1503065876,18757080,257.36,0.20000000,1
1503065869,18757051,257.36,0.20000000,1
1503065841,18757014,258.28,0.77241753,0
1503065837,18756998,257.36,0.19998819,1
1503065836,18756997,256.66,0.00000287,0
1503065831,18756993,256.66,0.10000000,1
1503065831,18756992,257.00,0.10000000,1
1503065830,18756991,257.44,0.20000000,1
1503065830,18756990,257.45,0.36203713,1
1503065812,18756963,257.45,3.05896287,1
1503065769,18756927,257.50,0.04000000,1
1503065768,18756921,257.51,2.70995904,0
1503065712,18756838,258.00,2.70000000,1
1503065712,18756835,258.00,0.00000336,1
1503065705,18756794,258.02,0.29455800,1
1503065704,18756793,258.02,0.17837800,1
1503065702,18756791,258.02,0.24375300,1
1503065674,18756761,258.01,0.00031600,1
1503065673,18756760,258.03,0.21100000,1
1503065618,18756692,259.11,3.11296360,1
1503065618,18756691,258.61,0.45908390,0
1503065618,18756690,258.51,3.56757983,0
1503065617,18756689,258.51,4.79323700,1
1503065617,18756687,258.51,10.99256100,1
1503065617,18756685,258.50,3.00877100,1
1503065617,18756683,258.50,1.84420100,1
1503065616,18756682,258.50,5.88000000,0
1503065616,18756679,258.49,10.30203170,1
1503065615,18756678,258.49,0.49995517,0
1503065564,18756636,258.61,2.02571439,0
1503065564,18756635,258.50,2.73950000,0
1503065562,18756634,258.40,0.84287673,0
1503065562,18756633,258.40,4.04000000,0
1503065383,18756532,258.41,1.54405789,0
1503065367,18756529,258.00,0.96509722,1
1503065367,18756528,258.00,0.35543226,1
1503065367,18756524,258.00,1.24706739,1
1503065339,18756501,258.49,0.18067900,0
1503065310,18756486,258.00,0.86388231,1
1503065310,18756485,258.00,4.00000000,1
1503065310,18756483,258.00,3.00000000,1
1503065310,18756481,258.00,0.20000000,1
1503065310,18756480,258.00,0.31154167,1
1503065309,18756478,258.01,2.56759924,1
1503065306,18756465,258.01,0.50000000,1
1503065302,18756453,258.01,0.49998059,1
1503065242,18756363,258.02,5.77912562,1
1503065215,18756347,258.61,9.90421870,0
1503065215,18756346,258.58,3.98000000,0
1503065215,18756345,258.57,12.99878703,1
1503065214,18756344,258.57,3.97753452,0
1503065187,18756319,258.00,0.07604833,1
1503065187,18756318,258.00,0.58938167,1
1503065175,18756300,258.01,4.51814778,1
1503065175,18756299,258.02,2.27000000,1
1503065175,18756298,258.03,2.68665639,1
1503065172,18756296,258.03,6.41334361,1
1503065118,18756264,258.02,0.44201000,1
1503065113,18756253,258.59,0.00004763,1
1503065111,18756248,258.59,4.29735037,1
1503065111,18756247,258.59,1.48882730,0
1503065108,18756238,258.60,0.44153132,0
1503065106,18756236,258.59,1.48717275,0
1503065094,18756230,258.60,2.92324052,0
1503065092,18756227,258.23,0.16282238,0
1503065086,18756211,258.02,2.23021468,1
1503065081,18756200,258.02,1.47374129,1
1503065072,18756194,258.01,0.66065578,1
1503065071,18756189,258.01,0.66127610,1
1503065070,18756185,258.01,0.79410483,1
1503065068,18756171,258.23,0.37842306,1
1503065066,18756159,258.01,1.10728166,1
1503065066,18756158,258.05,0.06139076,1
1503065065,18756157,258.05,0.13527655,1
1503065065,18756156,258.20,0.06132758,1
1503065065,18756154,258.23,0.00004013,1
1503065064,18756151,258.23,2.12439825,1
1503065063,18756148,258.23,0.14910695,1
1503065061,18756144,258.23,0.15574150,1
1503065059,18756142,258.23,0.46286346,1
1503065058,18756140,258.23,0.15108639,1
1503065047,18756125,258.23,6.72418000,1
1503065037,18756111,258.59,0.99965195,0
1503065037,18756110,258.58,5.71588035,1
1503065036,18756108,258.58,0.99967183,0
1503064999,18756088,258.23,5.23258332,1
1503064880,18756027,258.22,0.95952685,1
1503064816,18756010,258.23,1.34864265,1
1503064732,18755948,259.11,0.02143460,1
1503064732,18755947,259.11,0.99874988,0
1503064658,18755919,258.20,0.07899000,1
1503064643,18755912,259.19,0.07887781,1
1503064641,18755910,259.19,0.30597500,0
1503064630,18755904,259.20,1.99525463,0
1503064451,18755820,258.56,0.00000540,1
1503064438,18755806,258.56,0.29653949,1
1503064428,18755800,258.44,0.00346051,0
1503064426,18755794,258.44,0.68864049,0
1503064414,18755770,258.42,0.17540170,0
1503064404,18755764,258.42,1.98000000,0
1503064400,18755761,258.42,0.09998841,0
1503064400,18755760,258.41,0.10001159,0
1503064387,18755743,258.01,0.11398780,1
1503064387,18755741,258.02,0.68040795,1
1503064380,18755730,258.01,0.78775625,1
1503064380,18755728,258.07,0.10000000,1
1503064308,18755670,258.07,1.06645904,1
1503064308,18755669,258.08,0.10258096,1
1503064295,18755659,258.44,1.62525000,0
1503064292,18755658,258.44,0.68264900,0
1503064272,18755652,258.43,0.38598460,0
1503064135,18755577,258.66,0.19953400,0
1503063930,18755468,258.10,0.10000000,1
1503063930,18755465,258.33,0.91889500,1
1503063814,18755342,258.33,3.17958100,1
1503063811,18755341,258.33,0.41962100,1
1503063802,18755335,258.36,3.00000000,1
1503063801,18755334,258.37,0.93000000,1
1503063801,18755333,258.37,0.10000000,1
1503063801,18755332,259.00,0.04745449,1
1503063653,18755150,259.00,0.15526457,1
1503063629,18755131,259.48,0.00000783,1
1503063627,18755128,259.48,0.58153700,1
1503063626,18755127,259.48,0.41845517,0
1503063402,18754930,259.00,0.44864047,1
1503063392,18754919,259.00,0.44864047,1
1503063255,18754767,259.44,0.01980000,0
1503063233,18754732,259.42,3.34122272,0
1503063230,18754709,259.43,7.30952767,1
1503063222,18754667,259.47,0.96111304,0
1503063201,18754651,259.53,0.03174480,0
1503063154,18754623,258.37,0.08000000,1
1503063147,18754618,259.67,0.99876767,0
1503063092,18754577,259.00,0.41576461,1
1503063091,18754576,259.00,0.34814668,1
1503063088,18754570,259.00,0.15186303,1
1503063054,18754533,258.67,0.13867528,1
1503063044,18754490,258.66,1.16728077,1
1503063043,18754488,258.66,0.00000444,1
1503063033,18754447,258.66,0.09999556,1
1503063033,18754446,259.00,0.40478444,1
1503063005,18754333,259.00,0.00000320,0
1503063003,18754327,259.00,0.19301158,1
1503063003,18754325,259.00,0.07000000,1
1503063002,18754322,259.00,4.70654522,1
1503062961,18754282,259.00,0.88655478,1
1503062961,18754281,259.20,1.86597522,1
1503062954,18754274,259.20,0.13402478,1
1503062884,18754203,259.90,0.10904000,0
1503062880,18754199,259.90,0.13085000,0
1503062879,18754197,259.90,0.15702000,0
1503062793,18754087,260.52,5.02677703,1
1503062793,18754085,260.52,0.15694184,1
1503062792,18754083,260.52,6.30300000,0
1503062769,18754063,260.52,0.22842000,0
1503062768,18754057,260.52,0.27411000,0
1503062765,18754051,259.76,0.32893000,0
1503062764,18754050,259.76,0.27403900,0
1503062762,18754043,259.76,0.44953000,0
1503062760,18754042,259.76,0.50000000,0
1503062758,18754040,259.76,0.50000000,0
1503062755,18754033,259.76,0.50000000,0
1503062754,18754029,259.76,0.50000000,0
1503062752,18754028,260.54,0.06445678,0
1503062752,18754027,260.54,0.43554322,0
1503062750,18754026,259.77,0.50000000,0
1503062748,18754023,259.77,0.50000000,0
1503062748,18754022,259.77,0.20000000,0
1503062740,18754006,259.77,2.14332115,1
1503062739,18754004,259.85,1.50000000,1
1503062739,18754003,259.95,0.19961511,1
1503062734,18753991,260.00,0.38460000,1
1503062734,18753990,260.00,0.30780769,1
1503062732,18753987,260.01,8.04439986,1
1503062732,18753986,260.01,0.43560014,1
1503062732,18753985,260.20,0.00001525,1
1503062723,18753961,260.20,1.99998475,1
1503062715,18753952,260.01,0.29998843,1
1503062701,18753938,260.55,0.20000000,0
1503062693,18753914,260.03,2.20078000,1
1503062683,18753876,260.55,0.19203108,1
1503062683,18753871,260.55,0.16147152,1
1503062682,18753870,260.55,1.03000000,0
1503062682,18753869,260.55,2.44497562,0
1503062648,18753795,260.55,0.20000000,0
1503062621,18753769,260.55,0.10655000,0
1503062567,18753720,260.55,0.04847438,0
1503062560,18753717,260.55,0.20000000,0
1503062533,18753698,260.55,0.03100006,0
1503062532,18753697,260.04,0.46899994,0
1503062531,18753696,260.04,0.50000000,0
1503062526,18753671,260.04,0.20000000,0
1503062518,18753656,260.20,0.00000006,1
1503062489,18753638,260.55,0.20000000,0
1503062465,18753626,260.55,0.18793000,0
1503062460,18753616,260.55,0.19848000,0
1503062454,18753606,260.55,0.19835000,0
1503062442,18753575,260.55,0.19865500,0
1503062440,18753570,260.55,0.50000000,0
1503062438,18753568,260.55,0.50000000,0
1503062435,18753565,260.56,0.36002644,0
1503062435,18753564,260.55,0.13997356,0
1503062434,18753563,260.55,0.50000000,0
1503062433,18753559,260.55,0.00002644,1
1503062432,18753558,260.55,0.63997356,1
1503062432,18753557,260.56,0.50000000,0
1503062431,18753556,260.55,1.36000000,0
1503062430,18753555,260.55,0.50000000,0
1503062428,18753554,260.55,0.50000000,0
1503062426,18753551,260.55,0.30000000,0
1503062424,18753550,260.56,0.50000000,0
1503062421,18753549,260.55,0.50000000,0
1503062419,18753547,260.55,0.50000000,0
1503062417,18753546,260.55,0.20000000,0
1503062415,18753542,260.20,4.99999994,1
1503062415,18753540,260.35,0.00000003,1
1503062410,18753538,260.55,0.19877000,0
1503062405,18753533,260.55,0.19877000,0
1503062399,18753531,260.55,0.19877000,0
1503062396,18753529,260.55,0.20291691,0
1503062390,18753527,260.55,0.19868000,0
1503062384,18753524,260.55,0.19864000,0
1503062379,18753523,260.55,0.19864000,0
1503062374,18753522,260.55,0.19864000,0
1503062369,18753519,260.55,0.19860000,0
1503062363,18753514,260.55,0.19862000,0
1503062353,18753506,260.55,0.19846000,0
1503062352,18753500,260.35,0.39999997,1
1503062330,18753494,260.55,0.19846000,0
1503062324,18753490,260.55,0.19846000,0
1503062319,18753488,260.55,0.19849000,0
1503062313,18753485,260.55,0.19841000,0
1503062309,18753477,260.55,0.19841000,0
1503062304,18753464,260.55,0.19848047,0
1503062304,18753463,260.54,0.00000953,0
1503062294,18753449,260.54,6.04017620,1
1503062292,18753443,260.54,5.63997847,1
1503062249,18753414,260.54,14.11299600,1
1503062209,18753388,260.55,0.12950000,0
1503062176,18753335,260.55,0.38284398,0
1503062135,18753308,260.54,4.46000611,1
1503062055,18753217,260.55,0.43823700,0
1503062055,18753216,260.55,1.77176300,0
1503061957,18753083,260.55,0.22823700,0
1503061933,18753052,260.55,0.32637700,0
1503061926,18753046,260.55,0.43437800,0
1503061925,18753044,260.55,0.19799300,0
1503061923,18753038,260.55,1.73174731,1
1503061858,18752973,260.56,2.00537304,0
1503061770,18752882,260.56,11.72000000,1
1503061770,18752881,260.56,0.12000000,1
1503061730,18752827,260.55,1.26825269,1
1503061730,18752826,260.66,0.03925063,1
1503061727,18752813,260.66,0.10039895,1
1503061716,18752776,261.30,0.01725985,0
1503061714,18752775,260.90,0.09744509,0
1503061701,18752763,260.66,0.20900000,1
1503061683,18752727,260.66,0.85000000,1
1503061674,18752709,260.90,0.03840551,1
1503061674,18752708,261.00,0.00000040,1
1503061640,18752671,261.00,1.17444000,1
1503061618,18752653,261.00,1.19709171,1
1503061602,18752646,261.00,0.69588600,1
1503061560,18752627,261.34,0.10000000,0
1503061540,18752620,261.00,0.19996169,1
1503061493,18752583,261.01,0.09075300,1
1503061491,18752582,261.00,2.40000000,1
1503061491,18752581,261.01,0.10000000,1
1503061480,18752578,261.38,0.20000000,0
1503061478,18752577,261.38,0.50000000,0
1503061475,18752576,261.38,0.12000000,0
1503061473,18752575,261.42,0.12000000,0
1503061471,18752574,261.41,0.50000000,0
1503061468,18752573,261.40,0.12000000,0
1503061467,18752572,261.41,0.12000000,0
1503061465,18752571,261.40,0.12000000,0
1503061464,18752570,261.41,0.12000000,0
1503061462,18752569,261.40,0.12000000,0
1503061460,18752568,261.40,0.12000000,0
1503061389,18752542,261.00,0.05613756,1
1503061389,18752541,261.01,0.10000000,1
1503061389,18752540,261.55,0.00011244,1
1503061383,18752536,261.62,0.27447158,0
1503061337,18752519,261.55,0.49990442,1
1503061336,18752518,261.55,0.49998314,0
1503061336,18752517,261.00,3.82500000,1
1503061331,18752515,261.00,3.86000000,1
1503061324,18752510,261.01,5.54011800,1
1503061314,18752503,261.00,3.12274700,1
1503061313,18752501,261.00,0.15000000,1
1503061304,18752486,261.00,0.05000000,1
1503061291,18752484,261.09,2.22106282,1
1503061289,18752481,261.09,2.22103455,1
1503061277,18752474,261.49,0.13750322,1
1503061276,18752471,261.49,0.71260895,0
1503061275,18752468,261.27,0.54314374,1
1503061209,18752415,261.49,0.20000000,0
1503061182,18752387,261.27,0.19994642,1
1503061173,18752366,261.27,4.18999499,1
1503061172,18752362,261.49,0.20000000,0
1503061152,18752354,261.27,0.12758000,1
1503061097,18752325,261.49,0.36238479,0
1503061072,18752321,261.27,0.14215180,1
1503061046,18752312,261.27,0.31571949,1
1503061042,18752308,261.27,1.00000000,1
1503060999,18752289,261.27,1.27254000,1
1503060989,18752281,261.27,0.99946416,1
1503060961,18752265,261.27,0.15631340,1
1503060954,18752248,261.27,0.19994642,1
1503060933,18752235,261.48,1.00000000,0
1503060911,18752219,261.48,0.15259293,0
1503060901,18752211,261.27,5.27060212,1
1503060901,18752210,261.30,0.04000000,1
1503060801,18752148,261.27,0.15627512,1
1503060781,18752135,261.40,0.11231700,0
1503060779,18752134,261.40,0.11231629,0
1503060778,18752133,261.33,0.00000071,0
1503060776,18752131,261.33,0.11231700,0
1503060767,18752125,261.27,0.59800467,1
1503060763,18752122,261.27,0.13665428,1
1503060762,18752120,261.33,5.62504909,1
1503060762,18752119,261.34,0.26263320,1
1503060698,18752087,261.40,0.19825000,0
1503060695,18752082,261.34,8.79079000,1
1503060672,18752060,261.34,0.19996936,1
1503060659,18752042,261.49,0.19833000,0
1503060643,18752009,261.34,0.06416598,1
1503060642,18752006,261.34,0.13547460,1
1503060634,18751994,261.34,0.15420000,1
1503060630,18751987,261.34,1.28891486,1
1503060625,18751981,261.49,0.47532800,0
1503060624,18751979,261.49,0.47532800,0
1503060622,18751977,261.49,0.47532800,0
1503060620,18751976,261.49,0.24818826,0
1503060620,18751975,261.40,0.22713974,0
1503060617,18751971,261.40,0.24818900,0
1503060612,18751967,261.40,0.38159908,1
1503060611,18751966,261.43,0.05000000,1
1503060611,18751965,261.43,0.09307218,1
1503060598,18751949,261.43,0.11698000,1
1503060598,18751948,261.44,0.07000000,1
1503060591,18751941,261.43,0.16758548,1
1503060572,18751935,261.49,0.33250400,0
1503060562,18751932,261.48,0.06753952,0
1503060560,18751930,261.57,0.20000000,1
1503060559,18751929,261.63,0.12000000,1
1503060553,18751926,261.44,3.33721900,1
1503060553,18751925,261.57,0.20000000,1
1503060536,18751909,261.46,5.96809400,1
1503060536,18751907,261.48,3.30000000,1
1503060536,18751906,261.57,0.20000000,1
1503060526,18751899,261.77,0.12000000,0
1503060497,18751887,261.47,2.63422000,0
1503060496,18751886,261.47,0.12000000,1
1503060487,18751864,262.30,1.08894395,1
1503060486,18751860,262.29,1.65698506,0
1503060485,18751856,262.00,0.14316318,1
1503060485,18751855,262.00,0.15361773,0
1503060372,18751816,261.50,0.49998314,1
1503060305,18751751,262.00,0.01904580,1
1503060304,18751748,262.29,0.28670555,0
1503060304,18751745,262.00,3.00000000,0
1503060303,18751742,261.72,0.10000000,0
1503060303,18751741,261.72,1.10230138,1
1503060303,18751740,261.71,1.20577464,1
1503060301,18751738,261.71,0.20900000,0
1503060234,18751673,261.43,0.05444741,1
1503060234,18751671,261.50,0.00001259,1
1503060234,18751669,261.52,0.10000000,1
1503060214,18751641,261.50,0.94820666,1
1503060195,18751609,261.50,0.00655675,1
1503060194,18751608,261.50,0.14168564,1
1503060194,18751607,261.50,0.56647574,1
1503060194,18751606,261.66,0.20900000,1
1503060194,18751603,261.74,0.00002099,1
1503060193,18751602,261.76,0.11553618,1
1503060193,18751601,261.95,0.01963970,1
1503060186,18751583,262.03,4.42296114,1
1503060186,18751581,262.03,0.14812609,1
1503060185,18751578,262.01,0.35367710,0
1503060185,18751575,262.00,0.80000000,0
1503060087,18751414,261.95,0.00034352,1
1503060086,18751413,262.02,0.11542362,1
1503060086,18751412,262.02,0.11542498,1
1503060086,18751411,262.02,0.00000288,1
1503060085,18751409,262.02,0.11542109,1
1503060084,18751407,262.02,0.00057713,1
1503060082,18751406,262.02,0.11484821,1
1503060079,18751401,261.95,0.09546907,1
1503060079,18751400,261.97,0.01946150,1
1503060079,18751399,262.02,0.00057711,1
1503060077,18751396,262.06,0.00055880,1
1503060077,18751395,262.06,0.11484527,1
1503060076,18751394,262.02,0.11484527,1
1503060072,18751391,262.07,0.11540249,1
1503060071,18751385,262.03,0.11540540,0
1503060070,18751381,262.02,0.00059425,1
1503060069,18751380,261.99,0.11482910,0
1503060069,18751379,261.99,0.00057718,1
1503060069,18751378,261.99,0.11485948,1
1503060067,18751377,262.01,0.00057714,1
1503060066,18751375,262.01,0.11485176,1
1503060063,18751370,262.01,0.00002516,1
1503060063,18751369,262.00,0.11540188,0
1503060061,18751368,261.97,0.06329202,1
1503060061,18751367,261.99,0.11543798,1
1503060059,18751362,262.00,0.02217599,1
1503060058,18751360,261.99,0.09325765,0
1503060058,18751357,262.00,0.11543235,1
1503060057,18751355,261.97,0.03268992,1
1503060057,18751354,261.99,0.08272517,1
1503060057,18751353,261.99,0.03270944,1
1503060057,18751351,262.00,0.08269684,1
1503060056,18751349,262.00,0.03273731,0
1503060055,18751345,262.00,0.11543063,0
1503060055,18751342,262.00,0.11543063,1
1503060054,18751341,262.00,0.11543063,1
1503060054,18751340,262.00,0.11543197,1
1503060053,18751339,262.00,0.11543330,1
1503060046,18751327,261.97,0.11000000,0
1503060045,18751324,261.97,0.00002841,1
1503060045,18751323,261.97,0.11541509,1
1503060043,18751320,262.03,0.11541821,1
1503060041,18751317,262.04,0.11541312,1
1503060041,18751316,262.05,0.11541171,1
1503060033,18751313,261.74,0.11552360,1
1503060033,18751312,261.74,0.11554540,1
1503060004,18751285,262.00,0.76142344,1
1503060003,18751284,262.00,0.00001260,0
1503059997,18751279,261.51,0.26002830,0
1503059996,18751278,261.51,0.11539209,0
1503059994,18751277,261.51,0.11539692,0
1503059993,18751276,261.51,0.11557193,0
1503059992,18751274,261.51,0.11540751,0
1503059991,18751272,261.76,0.11553904,1
1503059991,18751271,261.76,0.11553989,1
1503059991,18751270,261.79,0.11552443,1
1503059991,18751269,261.84,0.11550055,1
1503059990,18751268,261.94,0.11545735,1
1503059990,18751267,261.96,0.11544772,1
1503059990,18751266,261.96,0.11544863,1
1503059990,18751265,261.96,0.11544954,1
1503059990,18751264,261.96,0.11545045,1
1503059990,18751263,261.97,0.00003172,1
1503059983,18751260,261.97,0.11541509,1
1503059982,18751257,261.98,0.89997439,1
1503059978,18751241,261.99,0.89472881,0
1503059976,18751222,262.00,0.85907134,1
1503059975,18751217,262.00,1.52923661,1
1503059973,18751207,262.00,3.89125951,1
1503059962,18751190,262.00,1.33611660,1
1503059948,18751154,262.02,8.74033000,1
1503059948,18751153,262.32,0.05000000,1
1503059916,18751127,262.04,0.40744400,1
1503059890,18751110,262.92,0.19952837,0
1503059872,18751090,262.23,3.32996748,1
1503059819,18751072,262.93,0.37941657,0
1503059754,18751038,262.94,0.25000000,0
1503059646,18750983,262.94,0.15212017,0
1503059638,18750978,262.95,0.05000000,0
1503059638,18750977,262.95,0.05000000,0
1503059557,18750941,262.95,0.05000000,0
1503059534,18750933,262.95,0.37938772,0
1503059526,18750927,262.94,2.00000000,0
1503059509,18750919,262.94,0.24659618,0
1503059453,18750867,262.82,0.51931764,1
1503059452,18750866,262.82,0.05000000,0
1503059154,18750654,262.97,1.00000000,0
1503059142,18750649,262.97,0.10240712,0
1503058955,18750546,261.51,2.80000000,1
1503058955,18750544,261.95,1.00000000,1
1503058950,18750537,262.96,2.79698996,1
1503058949,18750536,262.96,7.06200000,0
1503058838,18750490,262.99,0.18966501,0
1503058768,18750444,263.07,0.01835329,1
1503058768,18750443,263.07,0.74000000,0
1503058672,18750423,263.10,0.00003800,0
1503058671,18750422,263.09,0.36889548,1
1503058670,18750421,263.09,0.01023213,0
1503058614,18750399,263.09,0.02276787,0
1503058590,18750383,261.84,0.51716000,1
1503058580,18750373,262.76,0.00100000,1
1503058579,18750370,262.76,0.19900000,1
1503058575,18750366,263.10,0.51516533,0
1503058573,18750364,263.07,1.00150000,0
1503058491,18750327,263.03,5.43081968,1
1503058491,18750325,263.03,4.05000000,0
1503058345,18750245,263.10,0.72077933,0
1503058345,18750244,263.10,3.25208270,0
1503058333,18750240,263.09,1.13364248,0
1503058298,18750222,261.51,1.00150000,1
1503058256,18750197,263.10,2.73162295,0
1503058256,18750196,262.92,2.94000000,0
1503058256,18750195,262.92,9.34500000,1
1503058255,18750194,262.92,10.45365409,1
1503058255,18750193,262.38,0.13220847,0
1503058253,18750192,261.96,2.09944509,0
1503058247,18750184,261.96,0.70020491,1
1503058236,18750177,262.95,2.79437155,1
1503058236,18750176,262.95,1.00000000,0
1503058178,18750121,261.99,3.39024390,0
1503058102,18750086,261.98,0.20000000,0
1503058038,18750038,261.99,0.18733000,0
1503057990,18750007,262.40,0.19999699,1
1503057936,18749982,262.39,0.38015930,0
1503057808,18749923,262.39,0.03822554,0
1503057748,18749903,262.39,0.38015930,0
1503057678,18749848,262.48,0.83697805,1
1503057673,18749844,262.48,0.16302195,1
1503057636,18749821,262.48,0.19826000,0
1503057631,18749820,262.49,0.19826000,0
1503057626,18749816,262.49,0.19826000,0
1503057526,18749741,262.59,1.60943539,0
1503057526,18749739,262.58,0.13641061,0
1503057411,18749692,262.59,2.00000000,0
1503057354,18749653,262.60,1.70936786,0
1503057299,18749638,262.00,0.13641061,1
1503057266,18749623,261.97,1.02086697,1
1503057266,18749622,262.00,0.10994967,1
1503057266,18749620,262.09,0.13360936,1
1503057264,18749616,262.49,0.03009638,1
1503057262,18749615,262.42,1.00000000,0
1503057262,18749614,262.42,2.77108527,0
1503057197,18749588,262.15,1.77000515,0
1503057186,18749575,262.15,4.68592829,1
1503056856,18749434,262.11,3.63410000,1
1503056823,18749412,262.49,1.00000000,0
1503056679,18749355,262.00,0.11116033,1
1503056679,18749354,262.00,0.88883967,1
1503056634,18749339,262.49,1.12865252,0
1503056576,18749311,262.47,0.74000000,0
1503056541,18749295,262.90,0.37942183,0
1503056525,18749277,262.00,0.27835878,1
1503056514,18749253,262.00,1.32709920,1
1503056499,18749224,262.01,0.68577397,1
1503056496,18749202,262.00,0.13270400,1
1503056492,18749181,262.00,0.35670400,1
1503056491,18749175,262.01,0.84115600,1
1503056486,18749151,262.00,2.01629435,1
1503056486,18749147,262.13,0.00003265,1
1503056485,18749143,262.13,0.66757503,1
1503056484,18749141,262.20,2.91182505,1
1503056484,18749138,262.20,0.08817495,1
1503056483,18749134,262.21,0.08759494,1
1503056476,18749105,262.39,0.11857802,1
1503056476,18749102,262.39,0.12181636,1
1503056475,18749100,262.39,0.11201405,1
1503056475,18749096,262.39,0.12621076,1
1503056470,18749085,262.39,0.13451767,1
1503056465,18749063,262.39,0.14763274,1
1503056464,18749057,262.42,0.10229280,0
1503056463,18749047,262.39,3.07267804,1
1503056460,18749034,262.39,0.15572877,1
1503056444,18748949,262.42,0.13635952,1
1503056443,18748947,262.42,0.32675716,1
1503056441,18748933,262.42,0.32862362,1
1503056439,18748920,262.42,0.15896703,1
1503056438,18748917,262.42,0.32862362,1
1503056433,18748892,262.42,0.14956638,1
1503056433,18748888,262.42,1.75000000,1
1503056432,18748885,262.42,0.35774115,0
1503056428,18748868,262.42,0.13681193,1
1503056426,18748858,262.42,0.49543696,1
1503056425,18748857,262.42,0.19800000,1
1503056412,18748755,262.41,0.12710222,1
1503056402,18748717,262.97,0.60803246,1
1503056400,18748703,262.97,0.63573788,1
1503056374,18748633,262.97,0.18031600,1
1503056370,18748632,262.97,0.24225700,1
1503056353,18748609,263.40,0.95477600,0
1503056353,18748608,263.39,0.58000000,0
1503056315,18748600,263.39,0.01894529,0
1503056263,18748586,263.39,0.07312351,0
1503056229,18748578,262.97,1.63230567,1
1503056193,18748562,262.97,0.04180000,1
1503056166,18748549,262.97,1.21344637,1
1503056013,18748503,262.97,1.41782100,1
1503055970,18748469,262.97,1.86040229,1
1503055966,18748462,263.40,0.14168564,0
1503055965,18748461,263.39,0.09692942,1
1503055964,18748459,263.39,0.34000000,0
1503055891,18748422,262.97,0.20816500,1
1503055888,18748421,262.97,0.88225668,1
1503055888,18748420,263.03,0.00008132,1
1503055852,18748390,263.63,0.56647574,1
1503055851,18748388,263.40,0.66819397,0
1503055851,18748385,263.38,0.24757189,0
1503055851,18748384,263.38,0.71000000,1
1503055850,18748383,263.36,0.09000000,0
1503055850,18748381,263.29,0.71000000,0
1503055849,18748380,263.15,9.27450409,0
1503055838,18748366,263.03,0.72355100,1
1503055826,18748342,263.15,0.37906137,0
1503055817,18748320,263.15,0.19000000,0
1503055788,18748247,263.03,0.02678000,1
1503055786,18748246,263.15,0.36006080,0
1503055754,18748235,263.03,7.32200000,1
1503055737,18748228,263.15,1.00000000,0
1503055683,18748209,263.03,0.56053600,1
1503055677,18748203,263.03,2.23151580,1
1503055642,18748172,263.15,5.19137374,0
1503055642,18748171,263.14,1.19000000,0
1503055642,18748170,263.03,0.19833209,0
1503055640,18748169,262.98,1.00231074,0
1503055625,18748162,262.98,0.99600730,0
1503055613,18748158,262.97,1.19426659,1
1503055611,18748153,262.97,1.29086664,1
1503055511,18748133,262.58,0.15233452,0
1503055509,18748131,262.57,0.11360045,0
1503055405,18748063,262.50,0.00057095,1
1503055405,18748061,262.50,0.11361905,1
1503055171,18747918,262.96,4.03666093,1
1503055170,18747915,262.96,0.09742638,1
1503055170,18747914,262.96,0.99000000,0
1503055093,18747872,262.07,0.19994658,1
1503055016,18747821,262.31,0.17330336,0
1503054982,18747761,261.99,0.14932598,1
1503054936,18747724,262.33,0.19831000,0
1503054916,18747682,261.96,0.49979509,1
1503054744,18747495,262.18,1.63001852,1
1503054743,18747492,262.18,0.13892516,1
1503054743,18747490,262.18,0.13337534,0
1503054621,18747457,261.51,0.67086000,1
1503054617,18747453,262.18,0.00001090,1
1503054616,18747447,262.18,0.86998910,1
1503054611,18747413,262.18,0.53325379,1
1503054610,18747408,262.18,0.13675348,1
1503054609,18747406,262.18,0.09092034,0
1503054528,18747364,262.18,0.00910500,0
1503054527,18747362,262.17,0.19989000,0
1503054527,18747359,262.17,0.10002000,0
1503054520,18747333,262.17,2.29616954,1
1503054519,18747330,262.17,0.13459639,1
1503054519,18747329,262.17,2.57255253,0
1503054473,18747286,261.96,0.19035307,1
1503054453,18747277,261.96,1.90784904,0
1503054159,18747046,261.86,0.20000000,0
1503053964,18746917,261.90,1.14261168,0
1503053941,18746906,261.33,0.03252761,1
1503053785,18746810,261.33,8.34242330,1
1503053785,18746809,261.50,4.00000000,1
1503053785,18746808,261.52,0.56257670,1
1503053783,18746806,261.52,4.00000000,1
1503053783,18746805,261.52,2.18364000,1
1503053781,18746802,261.52,1.72093686,1
1503053781,18746801,261.60,0.58474214,1
1503053781,18746800,261.69,0.20900000,1
1503053779,18746799,261.60,1.41357590,1
1503053779,18746798,261.61,0.63432210,1
1503053778,18746797,261.61,0.11852990,1
1503053778,18746796,261.90,0.11796110,1
1503053708,18746738,261.90,0.00003234,1
1503053707,18746737,261.90,0.99996766,1
1503053696,18746731,261.80,3.91515246,1
1503053689,18746728,261.65,0.08484754,0
1503053683,18746724,261.65,0.21513332,1
1503053682,18746721,261.65,0.64710025,1
1503053671,18746716,261.65,0.13776643,1
1503053595,18746647,262.18,0.04072526,1
1503053594,18746644,262.17,0.15927474,0
1503053571,18746591,261.75,1.23998579,1
1503053568,18746583,261.75,0.00000020,1
1503053568,18746581,261.75,2.97000080,1
1503053567,18746580,261.75,3.22999920,1
1503053477,18746444,262.01,1.19709171,0
1503053454,18746419,262.01,0.08713987,0
1503053453,18746417,262.00,0.00001213,1
1503053451,18746412,262.01,0.65163202,1
1503053450,18746408,262.00,1.99998787,1
1503053403,18746368,263.12,2.80591000,0
1503053403,18746366,263.11,0.20800000,0
1503053175,18746201,261.63,0.59921417,0
1503053173,18746199,261.63,0.19000000,0
1503053171,18746198,261.63,0.99995600,0
1503053151,18746175,261.63,0.20800000,1
1503053082,18746069,263.25,1.07992403,0
1503053073,18746062,263.27,0.05306339,0
1503053057,18746052,263.30,3.78887201,0
1503053050,18746036,263.32,3.78858423,0
1503053041,18746024,263.32,3.05800645,1
1503053041,18746021,263.32,0.14057778,1
1503053040,18746019,263.32,0.59000000,0
1503053023,18745998,263.19,0.65689280,0
1503053023,18745997,263.19,0.87489032,1
1503053022,18745995,262.90,1.19015266,0
1503053022,18745993,262.90,1.07062028,0
1503053013,18745987,262.90,0.00046972,1
1503053013,18745986,263.20,1.07021276,1
1503053012,18745985,263.10,0.14447132,1
1503053011,18745982,263.10,2.57628013,0
1503053007,18745977,262.91,0.00500000,1
1503053006,18745976,262.91,0.99500000,1
1503053004,18745974,263.20,2.57530395,0
1503053003,18745970,263.10,0.15508571,1
1503053003,18745969,263.10,0.99999635,1
1503053002,18745966,263.10,0.06000000,0
1503052948,18745935,262.90,0.09347512,1
1503052730,18745707,262.90,0.19860000,0
1503052715,18745697,261.38,0.06000000,1
1503052581,18745615,261.91,0.00000342,1
1503052580,18745614,261.91,0.19868658,1
1503052575,18745611,261.90,0.19854000,0
1503052570,18745601,261.90,0.19857000,0
1503052565,18745600,261.90,0.05192214,0
1503052565,18745599,261.90,0.14680786,0
1503052555,18745588,261.90,0.66819397,1
1503052346,18745428,262.68,0.18988884,0
1503052247,18745349,262.98,0.37930641,0
1503052233,18745327,261.91,7.25000000,1
1503052233,18745325,262.15,0.99000000,1
1503052053,18745113,263.40,0.33211127,0
1503052053,18745112,263.30,0.10000000,0
1503052053,18745110,263.28,3.00000000,0
1503052053,18745109,263.22,0.66865352,0
1503052053,18745108,263.22,0.10000000,0
1503052052,18745107,263.10,0.99923521,0
1503052000,18745041,262.78,1.82150020,1
1503051997,18745037,262.78,5.59631370,1
1503051996,18745035,262.67,0.34215485,0
1503051989,18745018,262.77,0.00003436,1
1503051988,18745013,262.77,7.39219459,1
1503051987,18745010,262.77,0.20000000,0
1503051578,18744732,261.33,1.51838000,1
1503051574,18744727,261.27,0.00149613,1
1503051574,18744726,261.51,0.99744787,1
1503051564,18744723,261.51,0.00178734,1
1503051564,18744722,262.00,1.19015266,1
1503051545,18744674,262.51,4.44601900,0
1503051523,18744634,261.50,1.51859000,1
1503051522,18744632,261.50,1.51859000,1
1503051516,18744627,261.49,1.51850000,1
1503051515,18744626,261.48,1.51850000,1
1503051388,18744510,262.53,3.81857312,0
1503051365,18744489,261.31,0.00450000,1
1503051364,18744488,261.60,3.00000000,1
1503051207,18744357,262.78,0.37784458,1
1503051205,18744355,261.29,0.00176164,0
1503051091,18744278,261.90,1.17139836,1
1503051090,18744277,261.90,0.35196934,0
1503051045,18744256,261.12,0.00100248,0
1503050822,18744096,261.72,0.66865352,1
1503050804,18744081,263.22,3.33803471,1
1503050804,18744080,263.22,0.14391954,1
1503050803,18744076,263.00,2.11715551,0
1503050803,18744074,263.00,1.00000000,0
1503050803,18744072,263.00,0.34327651,1
1503050803,18744070,262.85,0.03814027,0
1503050802,18744068,262.00,0.99500000,0
1503050802,18744066,261.50,0.93859519,0
1503050802,18744065,261.50,0.15902269,0
1503050802,18744064,261.50,26.86762174,0
1503050801,18744062,261.49,0.36000000,0
1503050800,18744061,261.49,1.80000000,0
1503050758,18744012,261.07,0.01846103,1
1503050758,18744011,261.50,9.08665391,0
1503050758,18744009,261.49,27.30844611,0
1503050757,18744007,261.48,2.22000000,0
1503050757,18744006,261.40,0.99950268,0
1503050756,18744005,261.39,0.44000000,0
1503050754,18744003,260.94,0.30153897,0
1503050637,18743925,261.39,0.03818050,0
1503050589,18743916,261.40,0.50049732,0
1503050589,18743915,261.39,0.46000000,0
1503050587,18743914,260.98,1.02548868,0
1503050545,18743909,261.49,2.83600137,0
1503050545,18743908,261.49,0.60000000,1
1503050544,18743907,261.27,2.98000000,1
1503050544,18743906,261.20,0.60093769,0
1503050544,18743905,261.18,1.00000000,0
1503050543,18743904,261.17,0.71000000,0
1503050543,18743903,260.49,0.22625519,0
1503050541,18743902,260.48,0.20900000,0
1503050453,18743843,260.33,0.23637211,0
1503050453,18743842,260.03,0.00029709,0
1503050450,18743839,260.00,3.31732980,0
1503050449,18743836,260.00,0.02331400,0
1503050434,18743832,260.00,0.47211700,0
1503050425,18743827,260.00,0.27522100,0
1503050423,18743826,260.00,0.31010000,0
1503050415,18743822,260.00,0.11545122,0
1503050413,18743817,260.00,0.07696748,0
1503050360,18743790,259.87,0.12801795,0
1503050357,18743787,259.87,3.21836000,0
1503050351,18743781,259.87,1.50000000,1
1503050350,18743780,259.87,0.55812155,1
1503050144,18743598,259.87,0.04255246,1
1503049947,18743437,259.87,0.00026368,1
1503049946,18743436,260.02,0.17556132,1
1503049945,18743434,260.02,0.20806302,0
1503049874,18743408,259.87,0.00700000,1
1503049873,18743407,259.90,4.67062000,1
1503049872,18743406,259.90,7.95938000,1
1503049815,18743370,260.88,0.19783291,1
1503049706,18743268,260.89,0.19119169,0
1503049695,18743263,259.87,0.00028953,1
1503049695,18743262,259.90,0.19299347,1
1503049692,18743260,259.90,0.59798359,1
1503049692,18743259,259.89,0.20901147,0
1503049692,18743258,259.89,0.00001147,0
1503049691,18743256,259.87,0.39196518,1
1503049690,18743252,259.89,0.20900000,0
1503049680,18743235,260.93,2.67600506,0
1503049652,18743232,261.44,1.21855875,1
1503049652,18743229,260.97,0.05044040,0
1503049650,18743228,260.96,0.64000000,0
1503049638,18743221,260.97,0.00011495,0
1503049637,18743216,260.93,1.50116890,1
1503049637,18743215,260.93,0.24038020,1
1503049636,18743214,260.93,0.16975806,0
1503049583,18743169,260.97,0.03824194,0
1503049490,18743074,259.90,12.88820000,1
1503049486,18743065,259.89,0.00108000,1
1503049486,18743064,259.90,0.72000000,1
1503049466,18743004,259.88,0.27772000,1
1503049458,18742981,261.10,0.94944465,0
1503049457,18742970,261.09,0.99000000,0
1503049456,18742968,261.09,0.16182160,0
1503049434,18742951,259.89,0.00150000,1
1503049434,18742950,259.91,1.00000000,1
1503049406,18742933,259.87,1.00619410,1
1503049406,18742932,261.26,0.29449590,1
1503049405,18742931,261.20,1.00000000,0
1503049403,18742929,260.36,1.00000000,0
1503049383,18742904,261.38,0.92968092,1
1503049383,18742902,261.28,0.20152370,1
1503049382,18742900,261.28,0.93001200,0
1503049371,18742894,259.86,0.00150000,1
1503049371,18742893,259.91,1.00000000,1
1503049300,18742815,259.87,0.00186200,1
1503049300,18742814,259.91,0.99000000,1
1503049300,18742813,259.91,0.24968800,1
1503049283,18742757,259.91,0.00031200,1
1503049283,18742755,259.95,0.20800000,1
1503049100,18742555,261.40,0.38176944,1
1503049043,18742529,261.50,8.33112810,0
1503049043,18742528,261.49,1.42000000,1
1503049042,18742526,261.40,0.99000000,1
1503049042,18742525,261.39,0.20700000,0
1503049041,18742524,261.38,0.28000000,1
1503049041,18742523,260.58,0.21493174,1
1503049039,18742522,260.15,0.00197732,0
1503049034,18742512,259.85,0.00197732,1
1503049033,18742510,260.50,1.32117268,1
1503048999,18742489,260.50,0.00031100,1
1503048999,18742488,260.51,0.20700000,1
1503048993,18742483,261.44,4.07889900,0
1503048992,18742482,261.44,0.92110100,0
1503048969,18742463,261.47,0.01690442,0
1503048968,18742462,261.39,0.30000000,0
1503048967,18742460,260.87,0.06482282,0
1503048962,18742459,260.50,0.38610365,0
1503048962,18742458,260.49,0.20700000,0
1503048817,18742416,260.50,0.61389635,0
1503048815,18742415,260.49,0.38112481,0
1503048813,18742413,260.49,0.57434067,0
1503048787,18742388,260.49,0.54453452,0
1503048786,18742387,260.49,0.41281509,0
1503048681,18742329,259.80,0.05206562,1
1503048681,18742328,259.85,0.24666418,1
1503048662,18742315,259.85,0.16620282,1
1503048656,18742306,259.85,1.08713300,1
1503048655,18742305,259.87,0.20700000,1
1503048617,18742285,260.86,0.04446988,1
1503048612,18742249,260.86,0.11360974,0
1503048566,18742205,260.85,0.09239026,0
1503048564,18742204,260.84,0.13311036,0
1503048507,18742187,259.80,0.00577630,1
1503048507,18742186,259.90,3.84763370,1
1503048464,18742128,259.68,0.00546093,0
1503048459,18742116,260.17,3.63792907,1
1503048373,18742017,260.17,0.20601911,1
1503048235,18741903,260.17,0.03594594,0
1503048224,18741894,259.23,0.15693881,1
1503048224,18741893,260.16,0.13312142,1
1503048224,18741891,260.17,0.04905977,1
1503048223,18741888,260.17,0.15694023,1
1503048212,18741872,260.87,0.08657694,1
1503048211,18741871,260.83,0.20500000,0
1503048211,18741870,260.82,0.33000000,0
1503048211,18741868,260.81,0.37842306,0
1503048099,18741808,260.14,0.00030800,1
1503048099,18741807,260.18,0.20500000,1
1503048079,18741779,261.16,0.00011487,0
1503048078,18741778,261.15,5.60589701,1
1503048078,18741777,261.15,0.12349823,0
1503048061,18741753,260.60,0.12349823,1
1503048051,18741734,260.48,0.27608300,1
1503048051,18741732,260.48,0.31344500,1
1503048048,18741726,261.50,7.34573613,0
1503048047,18741723,261.49,10.89000394,0
1503048047,18741721,261.49,0.20988267,1
1503048047,18741719,261.40,0.32000000,0
1503048046,18741718,261.37,0.40381729,0
1503048046,18741716,261.37,0.26959634,0
1503048046,18741712,261.20,1.19062844,0
1503048046,18741708,261.19,2.14000000,0
1503048045,18741705,260.54,0.17709784,0
1503048045,18741701,260.48,0.20500000,0
1503048045,18741699,260.48,0.43000000,0
1503048044,18741695,260.47,5.97576453,1
1503048044,18741693,260.47,0.15748292,1
1503048043,18741691,260.47,0.85784187,0
1503048012,18741669,260.53,0.34802134,1
1503048011,18741665,260.51,0.15433307,1
1503048010,18741664,260.51,1.07519094,0
1503047979,18741638,259.59,0.66022041,1
1503047979,18741636,259.59,0.04485159,1
1503047977,18741633,259.59,0.16014841,1
1503047956,18741612,260.54,0.84136382,0
1503047956,18741611,260.54,5.87042707,1
1503047955,18741610,260.53,0.60000000,0
1503047955,18741608,260.22,0.20500000,0
1503047953,18741605,259.57,0.14120272,0
1503047851,18741543,259.05,0.87407833,1
1503047836,18741532,259.57,0.02150425,1
1503047832,18741522,259.57,0.18349575,1
1503047830,18741517,260.54,0.48153834,0
1503047830,18741515,260.43,0.60000000,0
1503047829,18741514,260.42,0.51768198,1
1503047828,18741510,260.42,1.08177207,0
1503047648,18741285,260.31,0.26825708,0
1503047542,18741193,260.26,0.55530000,0
1503047505,18741168,260.31,0.00004900,0
1503047505,18741167,260.30,0.33965100,0
1503047490,18741150,260.30,0.00003841,0
1503047490,18741149,260.28,2.49223077,1
1503047489,18741148,260.28,0.19043100,0
1503047470,18741144,260.29,0.30000000,0
1503047445,18741124,260.59,0.42507387,0
1503047444,18741123,259.89,0.34140000,0
1503047249,18740997,259.79,0.14060162,1
1503047171,18740960,259.31,0.14700552,1
1503047159,18740934,259.78,0.00008770,1
1503046964,18740756,259.78,0.34267458,1
1503046939,18740738,259.78,0.20498114,1
1503046937,18740736,259.78,0.56413119,1
1503046900,18740714,259.77,0.15328945,1
1503046894,18740708,261.36,5.43220079,1
1503046894,18740707,260.57,0.20400000,0
1503046894,18740706,260.46,0.62000000,0
1503046892,18740702,260.00,1.38692289,0
1503046865,18740681,260.00,0.21307700,0
1503046740,18740586,259.99,3.09692680,0
1503046738,18740584,259.92,0.74000000,0
1503046664,18740542,259.59,0.00060571,1
1503046664,18740541,259.87,0.40381729,1
1503046623,18740518,259.87,0.26959634,1
1503046587,18740498,260.00,0.50000000,0
1503046583,18740497,260.00,0.00000011,1
1503046508,18740450,260.12,0.02114409,0
1503046467,18740403,260.18,0.03897148,1
1503046466,18740401,260.18,8.78000000,0
1503046407,18740375,260.00,0.86353835,1
1503046406,18740374,260.00,0.15346153,1
1503046406,18740373,260.00,0.66926612,1
1503046381,18740366,260.00,0.83073388,1
1503046381,18740365,260.00,3.60591212,1
1503046332,18740326,260.00,1.44475000,1
1503046332,18740325,260.00,1.72603835,1
1503046329,18740321,260.00,3.00234612,1
1503046318,18740308,260.00,1.25201279,1
1503046318,18740305,260.26,0.00010260,1
1503046318,18740303,260.26,0.14685315,1
1503046314,18740300,260.00,1.39846200,1
1503046306,18740296,260.43,0.12520000,0
1503046282,18740288,260.00,0.74999997,1
1503046269,18740286,260.60,0.11485035,0
1503046268,18740283,260.00,0.76999997,1
1503046259,18740279,260.00,2.49665381,1
1503046257,18740277,260.69,0.45916606,0
1503046189,18740187,260.00,0.06200000,1
1503046185,18740185,260.00,1.37163087,1
1503046182,18740179,260.89,0.73510500,0
1503046154,18740169,260.00,4.79600000,1
1503046154,18740168,260.01,0.20400000,1
1503046145,18740151,260.00,3.90800000,1
1503046144,18740149,260.00,53.41619400,1
1503046144,18740147,260.00,2.72783400,1
1503046143,18740144,260.10,2.00000000,1
1503046137,18740124,260.65,0.00003615,1
1503046137,18740122,260.65,0.13080607,1
1503046129,18740108,260.70,3.82999521,1
1503046128,18740106,260.98,3.82343475,0
1503046112,18740095,260.69,0.13537148,1
1503046070,18740061,260.50,3.22000000,0
1503046070,18740060,260.50,9.55938294,1
1503046042,18740031,260.51,6.97019000,1
1503046030,18740013,260.50,12.77944569,1
1503046030,18740012,260.51,5.01335331,1
1503046024,18740006,260.51,1.72118800,1
1503046016,18739997,261.37,1.11360738,0
1503046016,18739996,261.37,0.01988154,0
1503046012,18739983,261.38,0.19083327,0
1503046005,18739968,260.51,0.20018267,1
1503045922,18739855,260.51,1.42099964,1
1503045864,18739732,260.51,0.36662697,1
1503045847,18739721,260.51,1.26582700,1
1503045845,18739717,260.51,0.90182635,1
1503045772,18739685,260.50,0.82319000,1
1503045753,18739678,260.50,0.16322453,1
1503045751,18739674,260.50,0.28119002,1
1503045747,18739663,260.50,0.34882914,1
1503045741,18739657,260.50,0.05257000,1
1503045740,18739656,260.50,0.99996162,1
1503045739,18739655,260.50,1.00000000,1
1503045731,18739645,260.50,0.24706331,1
1503045729,18739640,260.50,1.48602688,1
1503045692,18739589,260.50,0.16325482,1
1503045676,18739563,260.51,2.94420456,1
1503045676,18739562,260.55,1.19062844,1
1503045672,18739555,261.48,0.18311152,0
1503045660,18739514,261.50,7.74760994,1
1503045660,18739512,261.49,4.23000000,1
1503045660,18739511,261.49,9.88924701,0
1503045660,18739510,261.46,4.27133000,1
1503045659,18739505,261.46,8.39038000,1
1503045658,18739502,261.46,3.62000000,0
1503045634,18739451,260.60,0.20299306,1
1503045624,18739425,260.59,0.67469693,1
1503045624,18739422,261.10,0.00000276,1
1503045601,18739384,261.10,1.14890000,1
1503045588,18739377,261.48,0.99315435,0
1503045586,18739370,261.00,0.03694290,0
1503045580,18739362,261.00,0.10000000,1
1503045455,18739244,261.49,0.38146774,0
1503045435,18739240,261.49,0.38146774,0
1503045427,18739236,261.49,0.81825400,0
1503045409,18739228,261.49,1.79000000,1
1503045396,18739226,261.49,2.58000000,1
1503045395,18739224,261.49,2.41924701,0
1503045391,18739222,261.49,0.19075299,0
1503045359,18739202,261.49,3.10000000,0
1503045044,18739016,261.50,3.68000000,0
1503045043,18739015,261.50,8.06066300,0
1503045042,18739014,261.49,3.68000000,0
1503044990,18738854,261.49,1.89719700,0
1503044990,18738852,261.49,1.89620500,0
1503044931,18738816,261.49,1.38162900,0
1503044835,18738733,261.49,3.28749500,0
1503044821,18738714,261.49,0.20200000,0
1503044821,18738713,261.45,0.65014100,0
1503044819,18738710,261.45,6.26985900,0
1503044760,18738682,261.48,0.80113202,0
1503044607,18738584,261.49,1.90733871,0
1503044411,18738435,261.45,0.24530700,0
1503044393,18738378,261.50,0.04531549,0
1503044343,18738328,261.46,1.76439990,0
1503044341,18738326,261.25,0.23113301,0
1503044276,18738297,261.25,3.81856400,0
1503044076,18738045,260.50,0.00030300,1
1503044075,18738044,260.60,0.20200000,1
1503044072,18738043,261.25,0.99751196,0
1503043943,18737988,261.25,2.29836100,0
1503043577,18737655,261.25,1.80322000,0
1503043577,18737654,260.50,18.19851205,1
1503043577,18737653,260.56,1.75808795,1
1503043577,18737652,261.00,0.04340000,1
1503043561,18737635,261.25,0.19121022,0
1503043537,18737618,261.25,0.18206400,0
1503043395,18737449,261.25,0.55012300,0
1503043299,18737372,261.50,5.00000000,0
1503043278,18737349,261.39,0.19201966,0
1503043278,18737348,261.39,1.50000000,0
1503043277,18737346,261.30,1.75145548,0
1503043277,18737345,261.16,0.12819734,0
1503043254,18737328,261.16,0.38191147,0
1503043181,18737226,261.30,2.86310754,0
1503043147,18737190,261.30,0.64156142,0
1503043142,18737188,261.30,1.00000000,0
1503042906,18737024,261.30,5.72621508,0
1503042705,18736889,261.30,0.91492537,0
1503042543,18736799,261.30,0.03819365,0
1503042444,18736747,260.50,3.00000000,1
1503042355,18736571,261.30,0.00091396,0
1503042355,18736570,261.30,0.37176113,0
1503042355,18736569,261.30,0.19996173,0
1503042151,18736448,261.30,0.91395924,1
1503042144,18736441,261.30,0.19996173,1
1503042136,18736416,261.30,0.19996173,1
1503042131,18736407,261.30,0.19996173,1
1503042126,18736399,261.30,0.19996173,1
1503042117,18736393,261.30,0.19969384,1
1503042092,18736381,260.50,0.89704600,1
1503042013,18736356,261.30,0.18711300,0
1503041983,18736338,261.30,0.03819365,0
1503041909,18736300,261.30,0.20995025,0
1503041578,18736128,261.37,0.01909171,0
1503041513,18736098,261.37,0.16030914,0
1503041477,18736092,261.37,0.22180000,0
1503041442,18736072,261.31,0.21820000,1
1503041156,18735831,261.37,2.96797000,0
1503041146,18735816,261.37,0.58218975,0
1503041146,18735815,261.36,1.19299485,0
1503040761,18735513,261.37,3.01461529,0
1503040761,18735512,261.00,0.80798034,0
1503040761,18735511,260.99,0.17462265,0
1503040759,18735507,260.39,0.00002455,0
1503040684,18735463,260.00,0.55842600,1
1503040684,18735462,260.00,1.74170000,1
1503040681,18735461,260.39,0.17459232,1
1503040681,18735460,260.39,0.00000578,1
1503040617,18735405,260.39,1.99999422,1
1503040617,18735404,260.39,0.04556718,1
1503040594,18735395,260.39,0.05443282,0
1503040588,18735387,260.39,0.10000000,0
1503040455,18735294,259.84,0.19990800,1
1503040416,18735270,260.39,0.03832712,0
1503040363,18735252,259.84,0.00000301,0
1503040063,18735047,259.39,0.19275994,1
1503039788,18734873,259.84,1.01589000,0
1503039739,18734854,260.39,0.19201966,1
1503039715,18734842,261.39,7.99843146,1
1503039715,18734841,261.30,0.08046000,0
1503039715,18734840,261.30,0.01954000,0
1503039715,18734838,261.00,0.19884209,0
1503039714,18734837,260.99,0.10000000,0
1503039714,18734836,260.99,0.19231509,0
1503039714,18734835,260.99,0.16170943,0
1503039714,18734834,260.99,0.05009000,0
1503039714,18734833,260.99,0.53264610,0
1503039713,18734822,260.66,1.57740536,1
1503039712,18734818,260.66,0.33821837,0
1503039704,18734810,260.66,0.66178163,0
1503039704,18734809,260.66,0.48626563,0
1503039669,18734786,260.66,0.82275762,0
1503039534,18734740,260.66,0.19347042,0
1503039494,18734728,260.66,0.38268242,0
1503039394,18734704,260.66,0.11482391,0
1503039191,18734630,258.72,2.13128641,1
1503039191,18734629,258.74,0.31000000,1
1503039190,18734628,259.01,0.65828423,1
1503039190,18734627,259.03,1.00000000,1
1503039190,18734626,259.05,0.40000000,1
1503039189,18734625,259.30,1.50000000,1
1503039189,18734624,260.66,0.00029600,1
1503039189,18734623,260.92,0.00013336,1
1503039154,18734604,260.96,11.46735132,0
1503038802,18734447,260.92,2.68465431,1
1503038802,18734445,260.92,0.31000000,0
1503038711,18734418,260.00,0.19750000,0
1503037826,18733792,260.99,0.33870000,0
1503037758,18733754,259.99,0.19231509,1
1503037737,18733732,260.99,1.03639986,0
1503037728,18733719,260.99,0.09225404,0
1503037728,18733717,260.99,0.62246175,0
1503037728,18733716,260.99,0.16581729,0
1503037728,18733715,260.99,0.45542921,0
1503037728,18733714,260.99,0.45472360,0
1503037728,18733713,260.99,3.40234832,1
1503037727,18733712,260.98,1.50000000,0
1503037727,18733711,260.98,0.00011539,0
1503037727,18733710,260.98,0.09246766,0
1503037727,18733709,260.95,0.37640089,0
1503037725,18733707,260.00,2.00000000,0
1503037725,18733706,260.00,0.40227318,0
1503037528,18733602,259.01,0.50000000,1
1503036997,18733357,260.00,0.00000046,1
1503036829,18733299,260.00,0.49999954,1
1503036829,18733298,260.00,1.39443146,1
1503036277,18733059,260.98,0.09973944,0
1503036191,18733012,260.97,0.00000834,1
1503036190,18733011,260.97,1.98782773,1
1503036190,18733009,260.97,1.73550378,0
1503036170,18733001,260.00,0.18406000,1
1503036009,18732957,260.00,1.94604700,1
1503035688,18732912,260.97,0.17201211,0
1503035490,18732826,260.95,3.35354050,0
1503035490,18732825,260.95,0.64645950,0
1503035381,18732775,260.95,0.28668327,0
1503034824,18732539,260.97,1.90734567,0
1503034639,18732498,260.96,0.58803648,1
1503034638,18732497,260.96,0.10000000,0
1503034629,18732496,260.00,0.47546154,0
1503034073,18732271,260.00,0.52453846,0
1503034071,18732268,259.97,7.20700000,0
1503033812,18732189,259.98,0.23021002,0
1503033584,18732061,259.58,1.42653682,0
1503033566,18732032,259.56,0.00009799,1
1503033565,18732029,259.56,1.11866236,1
1503033564,18732028,259.56,0.39155155,0
1503033351,18731780,256.51,0.59547852,1
1503033282,18731699,259.56,0.09215595,0
1503033280,18731695,259.55,0.10000000,0
1503033273,18731684,256.49,0.18975334,0
1503033273,18731683,256.49,0.95298666,0
1503033272,18731681,256.66,0.30000000,1
1503033263,18731665,259.56,0.00003852,0
1503033262,18731664,259.55,1.43725623,1
1503033261,18731660,259.55,0.10000000,0
1503033145,18731618,256.32,0.01829320,1
1503033144,18731617,258.85,0.01522756,1
1503033078,18731606,258.85,0.03362650,1
1503033076,18731603,259.54,0.74000000,0
1503033039,18731592,258.85,0.07126312,1
1503032987,18731576,258.85,0.00083623,0
1503032771,18731511,257.05,0.05135992,1
1503032770,18731508,257.80,0.13384796,1
1503032764,18731504,257.49,0.02759204,0
1503032760,18731501,257.49,0.30000000,0
1503032757,18731499,257.49,0.50842100,0
1503032657,18731468,257.49,0.18000000,0
1503032073,18730935,258.85,2.94800000,0
1503031675,18730785,259.56,0.47471802,0
1503031675,18730783,258.85,0.38442717,0
1503031674,18730782,256.46,0.00001472,0
1503031531,18730746,256.46,0.62345697,0
1503031530,18730743,256.46,0.32000000,1
1503031077,18730431,258.85,0.11562681,0
1503030637,18730344,258.85,0.08932769,0
1503030636,18730343,257.41,1.23015079,0
1503030634,18730330,257.41,7.93119925,0
1503030429,18730238,255.51,36.65000000,1
1503030428,18730237,256.00,0.50000000,1
1503030331,18730200,257.41,1.00000000,0
1503028941,18729587,258.83,2.93714048,0
1503028932,18729574,258.84,0.58938167,1
1503028932,18729573,258.84,1.42000000,0
1503028922,18729564,258.90,2.92384080,0
1503028912,18729558,258.98,2.92376504,0
1503028902,18729552,259.04,2.88635578,0
1503028892,18729545,259.09,2.79761399,0
1503028885,18729541,255.40,0.90660197,1
1503028881,18729537,255.40,0.52419526,1
1503028881,18729536,256.15,0.22162400,1
1503028879,18729535,256.22,0.25984400,1
1503028876,18729531,255.41,0.58125462,1
1503028876,18729530,255.42,0.32000000,1
1503028875,18729529,255.69,0.16597749,1
1503028871,18729524,255.69,0.83402251,1
1503028869,18729517,256.51,0.07862891,1
1503028861,18729508,256.51,0.91885087,1
1503028854,18729500,259.32,0.12062731,0
1503028852,18729498,259.04,0.95990200,0
1503028843,18729476,259.56,0.00000404,1
1503028843,18729475,259.56,0.95846000,1
1503028842,18729474,259.56,0.08709594,0
1503028833,18729462,259.56,1.02704962,0
1503028773,18729388,259.56,1.02313030,0
1503028763,18729371,259.56,1.00501772,0
1503028744,18729355,259.56,0.94936077,0
1503028724,18729346,259.56,0.93249209,0
1503028714,18729334,259.56,1.01485356,0
1503028705,18729314,259.54,0.19531382,1
1503028704,18729313,259.54,0.75879158,0
1503028694,18729303,259.54,1.00126323,0
1503028685,18729291,259.54,0.96705975,0
1503028675,18729286,259.54,0.93075049,0
1503028665,18729271,259.54,1.71045946,0
1503028655,18729257,259.54,1.05667549,0
1503028647,18729241,256.33,0.38719306,0
1503028647,18729240,256.34,0.30000000,1
1503028645,18729235,256.51,0.30000000,1
1503028398,18729098,259.53,1.00315956,0
1503028277,18729083,259.98,0.00011539,1
1503028136,18729058,259.98,0.19220710,1
1503028123,18729053,260.98,0.18301903,0
1503028123,18729052,260.32,0.00000001,0
1503028123,18729051,260.32,0.97129391,0
1503028123,18729050,260.30,0.19282684,0
1503028123,18729049,259.63,1.03005617,0
1503028122,18729048,259.58,1.67942404,0
1503028119,18729044,259.56,0.06357732,0
1503028118,18729040,259.57,0.21742317,0
1503028117,18729031,259.57,0.06605915,1
1503028115,18729026,257.79,0.00034183,0
1503028115,18729023,257.79,0.06802395,0
1503028113,18729006,258.91,0.18386122,1
1503028111,18728997,258.91,0.25222700,1
1503028111,18728991,259.48,0.14514767,0
1503028109,18728968,258.91,5.78622571,0
1503028108,18728961,258.90,1.16728747,0
1503028107,18728953,258.91,1.60337569,0
1503028105,18728939,258.91,7.72339860,0
1503028105,18728938,258.62,0.00028916,0
1503026372,18728345,258.50,1.09877208,0
1503026371,18728343,258.50,9.30308304,0
1503026025,18728246,258.61,0.00100000,0
1503026024,18728236,258.61,0.19900000,0
1503025385,18727905,258.61,0.26830238,0
1503025384,18727903,259.30,0.19282684,1
1503025324,18727877,260.30,6.64242589,0
1503025324,18727875,260.30,0.28273738,1
1503025324,18727874,260.22,0.20000000,0
1503025323,18727872,259.67,0.04760789,0
1503025323,18727871,259.67,0.19993045,1
1503025322,18727870,258.80,0.10000000,0
1503025320,18727868,258.79,0.19395632,0
1503025143,18727802,254.99,0.18041528,0
1503025141,18727801,257.79,0.19395632,1
1503025120,18727790,258.79,0.13662143,1
1503025118,18727787,257.03,0.00000211,0
1503025115,18727782,257.03,0.19528750,0
1503025115,18727781,256.91,0.14386250,0
1503024460,18727555,256.91,0.25991339,0
1503024072,18727386,254.28,0.05311622,1
1503024070,18727384,254.28,0.20791228,1
1503024068,18727380,256.91,0.04054782,0
1503024066,18727379,256.18,0.06590325,0
1503024063,18727376,253.62,0.10550644,1
1503024056,18727371,256.18,0.34508551,0
1503023783,18727295,254.16,0.00046500,1
1503023782,18727294,254.37,0.31000000,1
1503023770,18727290,254.12,0.00047602,1
1503023769,18727289,254.80,0.31716998,1
1503023730,18727277,254.80,0.00283002,1
1503023730,18727276,255.50,1.88081998,1
1503023713,18727270,255.50,0.07565000,1
1503023458,18727194,255.02,0.00022547,1
1503023458,18727193,255.33,0.15000853,1
1503023368,18727141,255.33,0.16954200,1
1503023345,18727131,255.21,0.00044947,0
1503023317,18727120,255.92,0.29976453,1
1503023315,18727118,255.80,0.01023547,0
1503023311,18727115,255.80,0.02599687,0
1503023287,18727108,255.80,0.16000000,0
1503022496,18726831,254.00,0.00048000,1
1503022496,18726830,254.05,0.32000000,1
1503020287,18725316,253.04,0.02765000,1
1503020286,18725308,253.07,0.49059065,1
1503020286,18725305,253.07,0.10444985,1
1503020177,18725227,254.11,3.66127200,0
1503020163,18725204,253.08,1.31581700,1
1503020118,18725175,253.08,2.76643800,1
1503020068,18725143,253.07,2.13486388,1
1503020038,18725119,253.07,14.55493600,1
1503019969,18725073,253.07,0.28924332,1
1503019615,18724881,253.53,0.17323800,1
1503019481,18724795,253.07,21.35024000,1
1503019419,18724693,253.07,0.26477800,1
1503019405,18724671,253.07,0.26648754,1
1503019387,18724651,253.07,0.49298610,1
1503019326,18724536,253.07,0.22098300,1
1503019244,18724444,253.07,0.00023042,1
1503019244,18724443,253.11,0.15365858,1
1503019154,18724326,253.07,1.04120000,1
1503019153,18724325,253.07,0.04057577,1
1503019120,18724230,253.12,0.07218488,1
1503019118,18724223,253.11,0.03653206,1
1503018971,18723927,253.03,0.28497800,1
1503018964,18723916,255.42,0.58581943,0
1503018836,18723839,253.02,0.09905268,1
1503018657,18723639,255.44,0.39050266,0
1503018566,18723554,253.37,0.10098587,1
1503018506,18723535,255.50,17.44423124,1
1503018505,18723534,255.50,2.12527952,0
1503018444,18723503,255.67,0.10747688,0
1503018438,18723497,252.58,0.10722197,1
1503018436,18723494,255.71,0.11399993,0
1503018351,18723462,252.42,0.12760374,1
1503018349,18723456,252.42,0.44000000,1
1503018323,18723422,255.08,0.31797349,0
1503018320,18723414,252.40,0.37653569,1
1503018318,18723413,254.07,0.00029911,1
1503018310,18723402,253.00,0.19973089,0
1503018271,18723395,253.00,0.19623234,0
1503018268,18723393,253.00,0.00106306,0
1503018268,18723392,252.85,0.70864994,0
1503018235,18723368,252.41,1.40135000,1
1503018227,18723353,252.70,0.31000000,1
1503018183,18723347,252.85,0.30000000,0
1503018176,18723337,253.00,3.79371300,0
1503018173,18723336,253.00,0.32000000,0
1503018118,18723320,253.00,0.35211997,0
1503018118,18723319,252.99,0.01988003,0
1503018006,18723262,253.00,1.50000000,0
1503018004,18723260,253.00,2.26200000,0
1503017990,18723248,253.00,0.24089000,0
1503017988,18723246,253.00,0.11204000,0
1503017981,18723235,253.00,6.71577600,0
1503017981,18723234,253.00,0.49714500,0
1503017970,18723229,253.00,0.19817700,0
1503017940,18723221,253.00,1.60179900,0
1503017938,18723219,253.00,1.74097000,0
1503017919,18723146,253.00,1.55400000,0
1503017917,18723130,253.00,0.50056532,0
1503017912,18723103,253.00,0.19921900,0
1503017903,18723099,253.00,0.19796900,0
1503017878,18723085,253.00,3.40350300,0
1503017876,18723082,253.00,0.49400000,0
1503017875,18723080,253.00,0.45386280,0
1503017873,18723078,253.00,0.39191100,0
1503017871,18723077,253.00,2.00000000,1
1503017871,18723076,253.00,0.30000000,1
1503017870,18723075,253.10,0.07141327,1
1503017870,18723074,253.10,0.10000000,1
1503017870,18723073,253.53,0.23709302,1
1503017843,18723046,253.99,2.11715551,1
1503017842,18723045,254.00,0.03579202,1
1503017841,18723036,254.00,1.93267254,1
1503017841,18723034,254.13,0.62408446,1
1503017822,18722987,254.13,1.47591554,1
1503017822,18722984,254.21,0.25565846,1
1503017822,18722982,254.30,0.62408400,1
1503017818,18722968,254.30,0.71891400,1
1503017817,18722965,254.30,3.65700200,1
1503017813,18722957,254.56,3.00000000,1
1503017813,18722956,254.67,0.18940685,1
1503017804,18722942,254.67,0.73170800,1
1503017771,18722862,254.67,0.27188000,1
1503017765,18722859,254.69,2.01082441,1
1503017613,18722707,254.69,1.53917559,1
1503017529,18722638,254.99,0.26699754,1
1503017528,18722635,255.00,0.38274400,0
1503017509,18722630,254.99,0.04000000,1
1503017490,18722619,254.99,0.29300246,1
1503017486,18722618,255.00,1.29425756,0
1503017453,18722573,255.00,0.28687757,0
1503017446,18722560,255.00,1.52000000,1
1503017446,18722559,255.00,0.50000000,1
1503017445,18722558,255.00,2.00000000,1
1503017445,18722557,255.00,0.04000000,1
1503017445,18722556,255.00,3.80000000,1
1503017442,18722555,255.00,1.70000000,1
1503017393,18722520,255.01,0.37176113,1
1503017393,18722519,255.10,0.16170943,1
1503017320,18722442,255.11,0.15338900,0
1503017303,18722434,255.10,0.05009000,1
1503017194,18722275,255.10,2.00000000,1
1503017191,18722273,255.10,0.62246175,1
1503017185,18722266,255.10,0.16581729,1
1503017185,18722265,255.10,0.45542921,1
1503017184,18722263,255.80,0.10590304,0
1503017172,18722250,255.10,0.45472360,1
1503017163,18722240,255.20,0.83851880,1
1503017163,18722239,255.39,0.27194572,1
1503017160,18722237,255.50,0.10604758,1
1503017151,18722229,255.50,0.92201543,1
1503017148,18722212,255.50,0.27193699,1
1503017148,18722209,255.80,0.00000001,1
1503017040,18722130,255.80,1.49999999,1
1503017040,18722129,255.81,0.10000000,1
1503017040,18722127,256.00,0.00000001,1
1503016935,18722053,256.00,0.25525868,1
1503016934,18722052,256.00,1.13481232,1
1503016934,18722051,256.00,0.86518768,1
1503016934,18722050,256.00,1.81193932,1
1503016886,18722018,256.00,0.28581544,1
1503016875,18722012,256.00,0.47149100,1
1503016840,18721993,256.00,2.33699100,1
1503016836,18721991,256.00,0.84700542,1
1503016836,18721990,256.00,0.06811054,1
1503016836,18721989,256.00,1.29903304,1
1503016543,18721868,256.00,1.72590000,1
1503016529,18721851,256.00,1.97506696,1
1503016529,18721850,256.01,0.00000004,1
1503016513,18721828,256.01,10.86019800,1
1503016499,18721817,256.01,5.01825700,1
1503016391,18721788,256.01,9.38877400,1
1503016339,18721750,256.01,0.20135929,1
1503016325,18721732,256.01,0.08413834,1
1503016324,18721731,256.01,3.32511000,1
1503016324,18721730,256.01,0.04246619,1
1503016317,18721726,256.01,0.04371846,1
1503016310,18721712,256.01,1.18042616,1
1503016310,18721711,256.03,0.19528961,1
1503016308,18721709,256.10,0.49959223,1
1503016308,18721708,256.10,0.20027330,1
1503016305,18721702,256.10,0.04729936,1
1503016291,18721686,256.10,0.19960949,1
1503016288,18721682,256.10,0.04066841,1
1503016286,18721678,256.10,0.72994500,1
1503016282,18721672,256.10,0.04989000,1
1503016281,18721667,256.10,1.15322649,1
1503016280,18721664,256.51,0.07413251,1
1503016279,18721659,256.51,0.19874465,1
1503016278,18721654,256.51,0.04647944,1
1503016262,18721632,256.10,0.19835998,1
1503016249,18721622,256.10,0.19789140,1
1503016249,18721620,256.74,0.00000001,1
1503016084,18721505,256.75,1.78230000,1
1503016066,18721488,256.74,0.97129391,1
1503016066,18721487,257.03,0.28901709,1
1503015993,18721465,256.98,0.51914700,0
1503015762,18721402,256.99,0.34554769,1
1503015709,18721389,256.78,0.23911900,1
1503015692,18721371,256.78,0.06536000,1
1503015631,18721334,256.90,6.83721160,1
1503015629,18721331,256.90,9.72251098,1
1503015627,18721324,256.90,4.77166829,1
1503015627,18721321,256.90,0.00000071,1
1503015353,18721189,256.90,0.27033794,1
1503015353,18721188,256.90,0.08046000,1
1503015223,18721130,257.20,0.27000000,1
1503014824,18721010,256.90,0.01954000,1
1503014645,18720951,256.94,5.13035600,0
1503014621,18720901,257.00,0.65018634,0
1503014621,18720899,257.00,0.59426566,1
1503014618,18720897,257.00,0.40573434,1
1503014618,18720896,257.01,7.45407966,1
1503014603,18720884,257.03,0.28547679,1
1503014534,18720787,257.01,5.00000000,1
1503014482,18720753,257.01,1.05089719,1
1503014432,18720725,258.98,0.52165244,0
1503014432,18720724,258.70,0.00000115,0
1503014432,18720723,258.70,0.19402291,0
1503014430,18720722,258.00,0.28432350,0
1503014382,18720706,257.01,0.09229500,1
1503014079,18720596,257.01,0.12164000,1
1503013754,18720376,257.01,1.55519800,1
1503013751,18720369,257.01,0.59581400,1
1503013742,18720363,257.01,2.00467500,1
1503013741,18720361,257.01,4.12540115,1
1503013741,18720360,257.01,1.36095685,1
1503013735,18720359,257.01,0.15084907,1
1503013735,18720358,257.55,0.34542793,1
1503013728,18720354,257.01,0.89357100,1
1503013705,18720327,258.43,0.00011608,0
1503013704,18720322,258.37,5.33974535,1
1503013703,18720321,258.37,0.31994876,0
1503013696,18720316,257.01,0.30521800,1
1503013696,18720315,257.06,0.30000000,1
1503013632,18720263,257.67,0.37333575,1
1503013632,18720262,257.70,0.00000115,1
1503013603,18720171,257.70,0.19402291,1
1503013603,18720170,257.75,0.19884209,1
1503013603,18720169,258.00,9.78225500,1
1503013601,18720166,258.00,12.77410600,1
1503013599,18720163,258.00,0.97900000,1
1503013595,18720152,258.00,1.33986200,1
1503013574,18720120,258.00,3.41071700,1
1503013571,18720116,258.00,0.26004100,1
1503013569,18720115,258.00,0.04456900,1
1503013566,18720113,258.00,0.03289300,1
1503013542,18720089,258.00,2.33026000,1
1503013541,18720088,258.00,3.90777200,1
1503013540,18720087,258.00,0.49749100,1
1503013539,18720081,258.00,1.63090000,1
1503013535,18720073,258.00,1.69818600,1
1503013534,18720070,258.00,5.10324800,1
1503013533,18720067,258.00,1.20870000,1
1503013530,18720066,258.01,0.22370216,1
1503013530,18720065,258.40,0.35797096,1
1503013530,18720063,258.56,0.20832688,1
1503013316,18719945,258.60,0.38437742,1
1503013220,18719921,258.60,1.80604800,1
1503013195,18719913,258.60,1.00340294,1
1503013145,18719892,258.60,16.94467698,1
1503013145,18719891,258.60,6.97703202,1
1503012957,18719811,259.38,0.09615236,0
1503012780,18719750,258.60,0.00045748,1
1503012780,18719749,259.11,0.30527052,1
1503012522,18719651,258.94,1.43156716,0
1503012496,18719638,259.66,0.26815836,0
1503012358,18719573,259.67,0.04714203,1
1503012357,18719571,259.67,0.04878590,1
1503012357,18719570,261.48,1.45590484,1
1503012356,18719568,261.47,0.20000000,0
1503012356,18719567,261.47,2.85405100,1
1503012356,18719565,261.22,0.00016327,0
1503012356,18719563,261.22,0.19198184,0
1503012356,18719562,261.00,5.64302334,0
1503012356,18719561,261.00,0.19637920,0
1503012355,18719560,261.00,7.84117700,1
1503012355,18719558,261.00,12.84397352,1
1503012355,18719555,260.99,20.01067036,0
1503012355,18719554,260.99,24.44500000,1
1503012355,18719553,260.98,10.11000000,0
1503012354,18719552,260.98,9.57981200,1
1503012354,18719550,260.80,0.32000000,1
1503012354,18719549,260.00,0.00080769,0
1503012354,18719547,259.66,0.28910733,0
1503012353,18719545,259.35,1.04267222,1
1503012352,18719544,259.35,10.05414429,0
1503012337,18719536,258.60,4.98998450,1
1503012297,18719491,258.60,0.03252600,1
1503012297,18719490,258.61,0.01935000,1
1503012274,18719473,258.69,0.30000000,1
1503012078,18719407,259.34,0.00011567,0
1503012077,18719404,259.33,0.26136583,1
1503012076,18719401,259.33,0.01930284,0
1503011356,18719058,258.70,0.64584728,1
1503011247,18719009,258.70,0.21209800,1
1503011246,18719008,258.70,0.36799500,1
1503011234,18718988,258.70,2.22155700,1
1503011164,18718909,258.70,1.43026668,1
1503011151,18718898,258.70,2.44363000,1
1503011150,18718897,258.70,2.72964500,1
1503011113,18718881,258.70,1.65182800,1
1503010995,18718823,259.35,0.02317332,0
1503010989,18718819,259.03,0.34816695,1
1503010971,18718809,258.70,0.19997677,1
1503010971,18718808,258.71,0.28000000,1
1503010953,18718802,258.70,0.66479711,1
1503010953,18718801,258.80,0.02000000,1
1503010953,18718800,258.85,0.00001152,1
1503010953,18718799,258.85,0.30368936,1
1503010801,18718730,258.70,1.55643600,1
1503010770,18718719,260.00,0.01919231,0
1503010769,18718718,258.70,5.88659352,1
1503010769,18718717,258.70,0.11340648,1
1503010753,18718711,258.70,4.45945784,1
1503010753,18718710,258.70,0.54054216,1
1503010726,18718679,260.00,0.52217188,1
1503010725,18718677,260.00,0.17217754,1
1503010725,18718676,260.00,0.30315058,0
1503010669,18718626,258.70,1.71126994,1
1503010669,18718625,258.90,0.19637920,1
1503010669,18718624,259.00,0.09235086,1
1503010655,18718615,259.01,3.00000000,0
1503010635,18718601,259.00,0.30992278,1
