date,tid,price,amount,type
1503082397,18776459,292.54,2.87808700,1
1503082367,18776426,292.50,0.45163000,1
1503082367,18776425,292.60,0.05000000,1
1503082367,18776424,292.70,0.50000000,1
1503082317,18776326,292.79,0.22149900,1
1503082317,18776322,292.79,1.14542600,1
1503082316,18776321,292.79,4.51813600,1
1503082316,18776320,292.80,1.14542600,1
1503082316,18776319,292.80,5.29457400,1
1503082307,18776308,292.79,0.34166901,1
1503082307,18776306,292.79,0.68307483,1
1503082307,18776305,293.00,0.00002516,1
1503082297,18776297,293.00,0.80699659,1
1503082197,18776222,294.48,6.52000000,0
1503082190,18776209,294.50,6.10722422,1
1503082190,18776208,294.50,17.56261800,1
1503082189,18776207,294.50,1.48435500,1
1503082189,18776204,294.50,0.66938765,1
1503082188,18776199,294.50,12.32074703,1
1503082188,18776198,294.50,0.17255610,1
1503082187,18776195,293.91,1.54000000,0
1503082187,18776194,293.91,6.69000000,0
1503082187,18776193,293.91,0.68048042,0
1503082091,18776138,294.13,0.31361527,0
1503082055,18776104,294.28,0.12202664,0
1503082031,18776084,293.02,0.94629000,1
1503081999,18776041,293.01,0.20000000,1
1503081787,18775900,295.32,0.71607070,0
1503081589,18775744,292.90,0.50000000,1
1503081589,18775743,293.00,1.90500000,1
1503081588,18775742,293.00,0.09500000,1
1503081588,18775741,293.00,0.02000000,1
1503081573,18775734,293.10,0.50000000,1
1503081573,18775733,293.30,0.50000000,1
1503081484,18775688,293.50,0.50000000,1
1503081480,18775687,293.51,5.00000000,1
1503081479,18775686,293.70,0.50000000,1
1503081462,18775681,293.99,1.00130000,0
1503081451,18775676,293.90,0.50000000,1
1503081451,18775674,294.00,0.99999997,0
1503081450,18775673,294.00,0.99999967,1
1503081438,18775668,294.00,0.00000033,1
1503081438,18775667,294.00,7.45685167,1
1503081437,18775666,294.39,6.18050519,1
1503081437,18775665,294.39,8.45685200,1
1503081436,18775664,294.39,1.00000000,1
1503081247,18775516,294.39,3.00000405,1
1503081215,18775493,294.40,2.58195922,1
1503081213,18775492,294.42,0.11500000,1
1503081136,18775472,294.80,0.21444000,0
1503081082,18775454,294.39,0.11500000,1
1503080944,18775350,294.42,8.08774551,1
1503080828,18775296,294.39,0.15602176,1
1503080813,18775291,294.39,1.09161700,1
1503080810,18775287,294.42,1.12000000,1
1503080810,18775285,294.67,0.32000000,1
1503080807,18775283,295.00,0.18651075,1
1503080807,18775282,295.00,1.00000000,1
1503080807,18775281,295.00,1.00000000,1
1503080805,18775277,295.12,0.02504066,1
1503080805,18775276,295.30,0.60583126,1
1503080805,18775275,295.30,1.88300000,1
1503080805,18775274,295.41,5.58000000,1
1503080770,18775257,295.49,0.93347900,1
1503080770,18775256,295.50,2.00000000,1
1503080752,18775243,295.52,6.27147600,1
1503080726,18775235,295.46,0.07100000,1
1503080693,18775221,296.59,1.25582300,0
1503080689,18775218,296.14,0.32000000,1
1503080548,18775137,295.50,8.10000000,1
1503080547,18775136,295.81,1.00000000,1
1503080547,18775135,296.00,1.00000000,1
1503080544,18775134,296.01,5.04000000,1
1503080543,18775133,296.20,1.00000000,1
1503080543,18775132,296.21,5.00000000,1
1503080373,18775010,296.86,1.02486020,0
1503080366,18775004,296.86,1.86606099,0
1503080366,18775003,296.12,0.02493901,0
1503080166,18774821,294.53,0.98109675,1
1503080166,18774820,294.77,0.32000000,1
1503080166,18774819,295.11,0.00000024,1
1503080165,18774818,295.12,0.02493901,1
1503080048,18774717,295.15,1.00000000,1
1503080040,18774706,295.16,0.44366900,1
1503080020,18774682,295.20,0.37706100,1
1503080020,18774681,295.20,1.00000000,1
1503080018,18774679,295.21,2.62293900,1
1503080018,18774678,295.21,1.37706100,1
1503080017,18774677,295.21,1.00000000,1
1503079977,18774627,296.86,10.59661120,0
1503079968,18774610,295.20,1.40800000,1
1503079959,18774583,295.20,0.68973700,1
1503079958,18774580,295.30,6.69000000,1
1503079958,18774578,295.31,3.27200000,1
1503079958,18774577,295.31,1.06800000,1
1503079957,18774575,295.32,5.00000000,1
1503079896,18774465,295.74,0.16788557,1
1503079892,18774455,295.73,0.16780750,0
1503079892,18774454,295.20,1.40920200,1
1503079891,18774443,295.30,0.05000000,1
1503079890,18774440,295.31,0.99000000,1
1503079890,18774436,295.71,0.15432669,1
1503079890,18774433,295.73,3.92000000,1
1503079889,18774427,295.73,1.00000000,1
1503079887,18774419,296.27,3.79000000,1
1503079887,18774417,296.27,1.21000000,1
1503079555,18773945,297.49,0.60576300,0
1503079552,18773939,297.50,0.16613896,0
1503079551,18773936,297.50,2.24302666,0
1503079536,18773918,297.55,0.71940000,0
1503079531,18773911,297.57,0.71942736,0
1503079531,18773909,297.57,0.16963595,0
1503079523,18773901,295.72,2.43458500,1
1503079523,18773900,295.72,1.15000000,1
1503079523,18773898,295.72,0.00522500,1
1503079523,18773897,295.73,2.73991700,1
1503079522,18773896,295.73,1.10485800,1
1503079521,18773892,295.73,1.15522500,1
1503079518,18773888,295.72,5.53477500,1
1503079515,18773887,295.71,0.00000007,1
1503079514,18773883,295.71,0.15522500,1
1503079514,18773882,295.71,1.00000000,1
1503079510,18773878,295.72,4.03672600,1
1503079506,18773875,295.73,0.65174000,1
1503079505,18773873,295.73,4.34826000,1
1503079492,18773860,295.73,1.26003600,1
1503079491,18773859,295.73,1.62929900,1
1503079488,18773855,297.68,0.02890964,0
1503079470,18773840,297.78,1.58314000,0
1503079470,18773839,297.78,0.42000000,0
1503079464,18773829,297.81,1.39494980,0
1503079459,18773817,297.84,0.17916797,0
1503079447,18773771,296.99,8.96107000,1
1503079430,18773718,296.99,8.84723276,0
1503079430,18773715,296.99,0.15276724,0
1503079392,18773691,297.12,0.00000275,1
1503079391,18773685,297.12,0.02478725,0
1503079389,18773683,295.81,3.16725236,0
1503079388,18773682,295.84,0.71000000,1
1503079387,18773681,295.84,3.58000000,1
1503079387,18773678,295.85,0.18096039,1
1503079387,18773677,296.12,0.02478725,1
1503079385,18773673,296.19,0.11500000,1
1503079335,18773643,296.17,1.99400000,1
1503079335,18773642,296.18,5.00000000,1
1503079330,18773637,297.91,0.15000000,0
1503079247,18773558,297.12,0.02468594,0
1503079080,18773431,295.70,0.97216824,1
1503078929,18773336,296.42,1.60783176,0
1503078928,18773332,296.41,0.00002196,0
1503078927,18773331,296.41,6.68997804,0
1503078865,18773290,296.54,1.42716908,1
1503078864,18773288,296.52,3.07000000,0
1503078864,18773287,296.51,4.45367092,0
1503078864,18773286,296.51,2.23632908,0
1503078734,18773182,295.20,0.11600000,1
1503078607,18773053,295.11,9.72449200,1
1503078606,18773052,295.11,12.15124900,1
1503078540,18772825,295.11,0.18873974,1
1503078537,18772811,295.11,0.59564776,1
1503078535,18772799,295.11,1.00000000,1
1503078533,18772786,294.00,12.54314833,1
1503078533,18772784,294.00,0.02000000,1
1503078533,18772780,294.01,7.86941767,1
1503078532,18772777,294.01,1.58058233,1
1503078532,18772776,294.10,0.50000000,1
1503078532,18772773,294.30,0.10003897,1
1503078532,18772771,295.06,0.67781970,1
1503078532,18772769,295.11,6.59155900,1
1503078531,18772765,295.11,0.09844100,1
1503078531,18772763,295.12,3.80999500,1
1503078528,18772728,296.12,0.02468594,1
1503078408,18772555,297.02,0.36600000,0
1503078408,18772554,297.02,6.13400000,0
1503078405,18772552,297.02,0.55600000,1
1503078404,18772551,297.02,6.57400000,1
1503078404,18772550,297.02,0.11600000,1
1503078361,18772533,297.96,6.55751805,0
1503078360,18772532,297.95,2.15000000,0
1503078360,18772531,297.94,0.43000000,0
1503078360,18772530,297.12,0.02455086,0
1503078358,18772529,296.99,0.83793109,0
1503078292,18772450,296.99,8.16206891,0
1503078292,18772449,296.98,2.55000000,0
1503078291,18772447,296.39,0.00000007,0
1503078290,18772446,296.38,0.28793102,0
1503078282,18772444,296.39,1.50454800,0
1503078274,18772442,296.39,2.19545193,0
1503078263,18772437,296.38,0.63000000,1
1503078262,18772435,296.38,3.15000000,1
1503078262,18772434,296.39,16.30000000,0
1503078256,18772415,296.38,3.75000000,0
1503078210,18772357,296.26,0.67507871,1
1503078204,18772352,296.27,1.28566934,0
1503078202,18772347,296.27,0.74415730,0
1503078202,18772345,296.26,0.67508270,0
1503078200,18772341,296.27,1.37954700,0
1503077918,18772074,295.47,3.81000000,0
1503077918,18772072,295.10,0.00000500,0
1503077911,18772061,295.10,2.99999500,0
1503077828,18771929,294.30,0.19996603,1
1503077811,18771907,294.30,0.19999500,1
1503077733,18771703,294.39,20.00000000,1
1503077733,18771702,295.00,0.10000000,1
1503077701,18771560,296.61,0.10735615,0
1503077701,18771559,295.53,0.31000000,0
1503077700,18771558,295.00,1.97561385,0
1503077665,18771515,295.00,1.68597400,0
1503077665,18771514,295.00,0.31402600,0
1503077665,18771513,295.00,2.00000000,0
1503077665,18771512,295.00,0.16707400,0
1503077657,18771499,295.00,0.09852700,0
1503077654,18771495,295.00,0.19634300,0
1503077640,18771480,295.00,0.01700000,0
1503077637,18771478,295.00,1.04211200,0
1503077635,18771476,295.00,0.47894400,0
1503077620,18771463,295.00,1.37694254,0
1503077619,18771460,295.00,0.47894400,0
1503077612,18771422,295.00,0.14411346,0
1503077583,18771377,294.40,0.11700000,1
1503077583,18771376,294.40,1.06700000,0
1503077582,18771374,294.50,1.43300000,0
1503077580,18771371,294.50,0.50000000,1
1503077549,18771269,296.59,17.26189111,0
1503077505,18771097,295.00,0.35961442,1
1503077501,18771081,295.00,0.05591100,1
1503077480,18770949,294.70,0.50000000,1
1503077480,18770947,294.90,0.50000000,1
1503077480,18770945,295.00,10.00000000,1
1503077480,18770942,295.00,0.30000000,1
1503077480,18770940,295.00,3.00000000,1
1503077480,18770937,295.00,3.12406900,1
1503077472,18770890,295.00,11.87593100,1
1503077471,18770888,295.00,0.10000000,1
1503077471,18770886,295.00,2.00000000,1
1503077470,18770885,295.00,0.50000000,1
1503077470,18770883,295.10,0.25000000,1
1503077470,18770881,295.10,0.50000000,1
1503077469,18770878,295.30,0.50000000,1
1503077468,18770875,295.50,0.50000000,1
1503077459,18770849,295.62,16.23404000,1
1503077449,18770821,295.62,10.00000000,1
1503077438,18770802,295.62,0.19310000,1
1503077385,18770735,295.63,1.41649400,1
1503077354,18770622,295.62,13.57286000,1
1503077349,18770603,295.70,0.50000000,1
1503077349,18770600,295.90,0.50000000,1
1503077348,18770598,296.00,3.00000000,1
1503077347,18770590,296.00,1.00000000,1
1503077345,18770582,296.01,4.44830000,1
1503077345,18770581,296.01,2.24170000,1
1503077344,18770580,296.10,0.50000000,1
1503077337,18770550,296.12,0.02455086,1
1503077337,18770549,296.12,7.69000029,1
1503077337,18770547,296.12,2.30999971,1
1503077337,18770544,296.29,2.19000029,1
1503077253,18770274,296.29,4.50000000,1
1503077251,18770273,296.29,3.11560500,1
1503077251,18770272,296.29,2.56407600,1
1503077251,18770271,296.66,1.64963000,1
1503077250,18770270,296.66,5.04037000,1
1503077250,18770269,296.29,2.12566100,1
1503077250,18770268,296.55,1.74207900,1
1503077249,18770267,296.55,8.25792100,1
1503077249,18770266,296.66,6.69000000,1
1503077248,18770265,296.69,0.11700000,1
1503077170,18770164,297.98,0.03624404,0
1503077086,18770089,296.51,0.11700000,1
1503077074,18770069,296.29,5.50465771,1
1503077073,18770066,296.30,1.00000000,1
1503077073,18770065,296.30,0.50000000,1
1503077073,18770064,296.31,7.77600000,1
1503077073,18770063,296.31,0.90364109,0
1503077073,18770061,296.50,5.00000000,1
1503077072,18770060,296.50,0.50000000,1
1503077072,18770059,296.51,0.67450501,1
1503077072,18770058,296.70,0.96100438,1
1503077072,18770056,296.70,0.50000000,1
1503077072,18770055,297.00,0.25000000,1
1503077071,18770051,297.07,0.65000000,1
1503077071,18770048,297.07,3.26000000,1
1503077071,18770047,297.08,2.13448099,1
1503077071,18770046,297.12,5.25124259,0
1503077070,18770044,297.12,0.02446823,1
1503076954,18769945,297.99,0.05020303,0
1503076787,18769838,298.12,0.02438615,1
1503076749,18769818,298.85,0.85895934,1
1503076748,18769816,298.50,3.00000000,0
1503076748,18769815,298.25,3.00000000,0
1503076747,18769814,298.25,3.00000000,0
1503076747,18769813,298.25,6.69000000,1
1503076747,18769812,298.15,3.00000000,0
1503076747,18769810,298.15,0.87000000,1
1503076746,18769809,298.15,4.33000000,1
1503076746,18769808,298.12,0.02443457,0
1503076745,18769807,298.00,3.00000000,0
1503076745,18769806,298.00,6.69000000,1
1503076743,18769805,297.96,6.69000000,0
1503076743,18769804,297.96,0.67123104,0
1503076586,18769646,296.71,3.03331745,1
1503076586,18769645,296.75,0.00000012,1
1503076585,18769644,297.12,0.02443457,1
1503076585,18769641,297.33,0.00004787,1
1503076537,18769573,298.48,0.97822299,1
1503076535,18769571,298.12,0.02440092,0
1503076526,18769557,297.33,3.27979014,1
1503076524,18769549,297.33,0.14023007,1
1503076479,18769498,297.33,0.14493192,1
1503076464,18769478,297.62,0.30000000,1
1503076404,18769426,297.34,0.48997781,1
1503076217,18769255,296.75,3.38397000,1
1503076216,18769253,296.75,5.90178364,1
1503076216,18769252,296.76,2.71000000,1
1503076216,18769251,296.76,0.67397036,1
1503076215,18769250,296.97,0.30000000,1
1503076215,18769249,297.12,0.02440092,1
1503076149,18769197,298.38,37.05402506,1
1503076148,18769191,298.12,0.02440092,0
1503076123,18769180,296.75,4.52628500,1
1503076120,18769177,296.75,3.03796124,1
1503076120,18769176,296.75,0.25000000,1
1503076120,18769175,296.90,0.50000000,1
1503076119,18769174,296.92,0.13162484,1
1503076119,18769173,297.12,0.02440092,1
1503076119,18769172,297.30,0.31000000,1
1503076119,18769171,298.43,4.34359816,1
1503076118,18769170,298.43,0.67017391,0
1503075883,18768978,298.85,0.88566640,0
1503075883,18768977,298.12,0.02433360,0
1503075738,18768826,296.92,0.26836843,1
1503075738,18768825,296.95,0.67350557,1
1503075731,18768814,296.95,0.57000000,1
1503075731,18768813,296.95,1.06160300,1
1503075730,18768812,296.95,1.79839700,1
1503075727,18768810,296.94,0.01002700,1
1503075727,18768809,297.00,0.05000000,1
1503075726,18768808,297.10,0.50000000,1
1503075720,18768806,297.12,0.02433360,1
1503075720,18768805,297.13,0.42697100,1
1503075720,18768804,297.14,0.58000000,1
1503075714,18768801,297.13,0.57302900,1
1503075712,18768799,297.15,0.59000000,1
1503075696,18768791,297.14,3.17923899,1
1503075696,18768790,297.35,0.00000001,1
1503075691,18768789,297.35,0.34950900,1
1503075691,18768788,297.37,0.67000000,1
1503075690,18768786,298.12,0.02425198,1
1503075690,18768785,298.15,0.11700000,1
1503075606,18768724,299.69,0.12236948,0
1503075605,18768723,299.68,0.66737854,0
1503075605,18768721,299.68,3.39000000,0
1503075605,18768719,299.54,0.68000000,0
1503075605,18768718,299.12,0.02425198,0
1503075605,18768714,299.11,0.11600000,0
1503075567,18768700,298.01,1.13400000,1
1503075567,18768699,298.01,0.11600000,1
1503075505,18768656,297.16,2.33125003,0
1503075504,18768652,297.16,7.78874997,0
1503075503,18768649,297.16,1.80401900,1
1503075502,18768647,297.16,11.71018100,1
1503075502,18768645,297.91,0.67933590,0
1503075499,18768639,297.91,2.09003903,0
1503075499,18768638,297.16,1.10337112,0
1503075497,18768634,297.91,0.74399167,0
1503075497,18768632,297.17,0.67300696,1
1503075497,18768631,297.22,0.00000020,1
1503075496,18768630,297.40,0.02764029,1
1503075496,18768629,297.60,3.00000000,1
1503075493,18768623,297.92,1.68263721,0
1503075493,18768622,297.92,0.67132116,0
1503075493,18768621,297.92,0.11600000,0
1503075486,18768607,297.93,18.09878903,0
1503075480,18768603,297.94,2.46999997,0
1503075472,18768591,297.50,3.34738551,1
1503075448,18768562,297.50,0.79700000,1
1503075330,18768462,297.50,0.99930000,1
1503075326,18768456,298.59,0.15000000,0
1503075304,18768440,298.59,0.16704622,0
1503075257,18768407,297.50,4.49175800,1
1503075249,18768403,297.50,1.01000600,1
1503075243,18768394,297.51,0.83076400,1
1503075242,18768392,297.51,1.34923600,1
1503075237,18768390,297.50,0.36700000,1
1503075229,18768386,297.52,2.41000000,1
1503075228,18768384,298.01,2.00000000,1
1503075223,18768379,297.51,2.04349800,1
1503075206,18768366,297.50,1.17054700,1
1503075205,18768365,297.51,0.55000000,1
1503075205,18768364,297.51,2.77000000,1
1503075198,18768332,297.50,3.63022800,1
1503075197,18768329,297.50,4.79513800,1
1503075196,18768328,297.50,0.69720700,1
1503075189,18768320,297.51,3.06000000,1
1503075188,18768319,297.51,6.69000000,1
1503075181,18768314,297.51,0.83275300,1
1503075178,18768313,297.52,0.88135100,1
1503075176,18768310,297.51,2.54724700,1
1503075176,18768309,297.66,0.30000000,1
1503075174,18768308,297.95,0.31000000,1
1503075174,18768307,298.00,0.02425200,1
1503075171,18768305,298.00,1.27104800,1
1503075170,18768303,298.00,1.00000000,1
1503075170,18768302,298.00,5.20000000,1
1503075167,18768298,298.12,0.02425198,1
1503075164,18768295,298.18,35.93360046,1
1503075164,18768294,298.19,3.73000000,1
1503075159,18768292,298.19,0.03479500,1
1503075159,18768291,298.46,0.11600000,1
1503075156,18768288,299.29,0.05000000,0
1503075023,18768146,298.42,1.00000000,1
1503075006,18768108,299.68,0.31313401,0
1503074964,18768090,298.19,2.69000000,1
1503074964,18768088,298.19,0.61000000,0
1503074963,18768087,298.31,20.00000000,1
1503074963,18768085,298.61,0.29000000,1
1503074963,18768084,298.61,3.03000000,0
1503074962,18768083,298.88,6.69000000,0
1503074961,18768079,298.88,6.69000000,1
1503074945,18768063,298.86,1.29900000,1
1503074943,18768056,298.85,0.87900000,1
1503074936,18768042,298.62,1.19546673,1
1503074936,18768040,298.83,0.29972327,1
1503074936,18768039,298.84,6.69000000,1
1503074898,18767993,299.75,11.60000000,1
1503074897,18767992,299.75,0.82000000,1
1503074896,18767990,299.59,10.00000000,0
1503074896,18767989,299.58,2.58000000,0
1503074847,18767930,299.58,27.86000000,1
1503074846,18767928,299.37,70.94000000,0
1503074845,18767926,299.36,1.20000000,0
1503074822,18767910,298.84,0.12889400,1
1503074811,18767902,298.83,0.00027673,1
1503074811,18767901,298.85,0.18480827,1
1503074792,18767889,299.40,1.50678022,0
1503074752,18767847,298.85,2.18000000,1
1503074752,18767846,298.86,0.75000000,1
1503074752,18767845,298.86,3.76000000,1
1503074752,18767844,298.85,6.69000000,1
1503074666,18767761,299.57,1.03000000,0
1503074661,18767754,298.95,0.63000000,1
1503074657,18767749,298.94,4.32000000,1
1503074657,18767748,299.00,0.05000000,1
1503074652,18767739,299.59,10.00000000,0
1503074652,18767736,299.57,0.41000000,0
1503074651,18767734,299.49,0.00000508,0
1503074630,18767721,298.99,1.51977800,1
1503074629,18767720,298.99,0.66891026,1
1503074627,18767719,299.00,1.69992883,1
1503074610,18767709,299.49,0.29999500,0
1503074554,18767661,299.49,9.69999992,0
1503074554,18767660,299.48,0.30000000,0
1503074554,18767659,299.20,0.00000008,0
1503074547,18767655,299.20,1.53421500,0
1503074507,18767605,299.20,0.16000000,0
1503074480,18767562,299.20,3.79071800,0
1503074480,18767561,299.20,2.39427200,0
1503074480,18767559,299.19,0.50000000,0
1503074447,18767523,299.20,0.30029800,0
1503074446,18767522,299.00,3.54517000,0
1503074446,18767521,298.99,0.59000000,0
1503074440,18767516,298.99,3.14688700,0
1503074427,18767501,298.99,1.40064300,0
1503074421,18767498,298.99,1.00000000,0
1503074419,18767493,298.99,0.14247000,0
1503074418,18767490,298.99,0.54000000,0
1503074418,18767489,298.99,0.46000000,0
1503074378,18767464,299.19,0.46533700,0
1503074371,18767453,299.19,0.79360941,0
1503074369,18767452,299.18,0.54000000,0
1503074258,18767334,299.20,4.57129010,0
1503074257,18767332,299.20,1.77327100,0
1503074257,18767331,299.19,1.12000000,0
1503074256,18767328,298.99,0.76348982,0
1503074098,18767060,298.99,0.43908700,0
1503074074,18767033,298.99,8.79742318,0
1503074073,18767032,298.98,1.74000000,0
1503074073,18767031,298.96,0.66898582,0
1503074060,18767017,298.96,0.53217821,0
1503074013,18766960,298.18,9.28919593,1
1503074012,18766958,298.19,3.94000000,0
1503074012,18766955,298.19,3.93000000,1
1503073984,18766917,298.19,2.11227119,1
1503073984,18766916,298.20,0.55027504,0
1503073982,18766912,298.77,0.31000000,1
1503073910,18766777,298.93,0.45558140,1
1503073907,18766767,298.93,0.57023160,1
1503073843,18766659,298.93,0.01700000,1
1503073775,18766539,298.93,1.35600000,1
1503073767,18766516,299.19,0.23339684,0
1503073752,18766501,298.93,1.25528900,1
1503073750,18766498,298.93,2.39881300,1
1503073734,18766477,298.93,0.03532500,1
1503073689,18766438,299.20,10.47593582,0
1503073687,18766435,299.19,1.88000000,0
1503073587,18766363,298.93,0.25534000,1
1503073578,18766358,299.17,2.00000000,1
1503073523,18766330,298.93,0.10839200,1
1503073449,18766252,298.93,1.64000000,1
1503073435,18766238,298.93,0.04900000,1
1503073430,18766235,298.93,2.99000000,1
1503073426,18766226,299.09,3.48892500,0
1503073416,18766204,298.93,3.49892500,1
1503073356,18766166,298.93,0.49602300,1
1503073264,18766104,298.93,3.91030200,1
1503073263,18766103,298.94,0.66902214,1
1503073249,18766097,298.93,3.20000000,1
1503073242,18766091,299.17,0.38000000,0
1503073236,18766089,298.93,4.46377800,1
1503073236,18766088,298.94,0.11599500,1
1503073062,18765895,299.19,3.62799963,0
1503073062,18765894,299.08,0.11600000,0
1503073050,18765872,299.10,10.07273223,0
1503073049,18765870,299.09,2.34000000,0
1503073018,18765808,298.28,0.28900000,1
1503072997,18765782,298.71,3.14000000,0
1503072994,18765774,298.72,2.12854300,0
1503072958,18765732,298.79,2.95000000,0
1503072957,18765731,298.78,3.74000000,0
1503072956,18765727,298.79,6.02061115,0
1503072956,18765726,298.78,0.66938885,0
1503072944,18765689,298.18,2.88209700,1
1503072935,18765678,298.18,3.15900000,1
1503072869,18765627,298.18,8.21128300,1
1503072856,18765621,298.18,1.00000000,1
1503072855,18765616,298.18,18.62705900,1
1503072848,18765608,298.18,32.17524800,1
1503072770,18765507,298.20,0.39565499,1
1503072770,18765506,298.74,0.00000001,1
1503072670,18765448,298.74,1.92849300,1
1503072653,18765424,298.74,3.52281000,1
1503072646,18765412,298.74,0.87080099,1
1503072646,18765411,298.75,0.66844701,1
1503072645,18765410,298.74,13.77789600,1
1503072641,18765403,299.30,3.52281000,0
1503072576,18765298,298.19,2.58100000,1
1503072568,18765288,298.13,0.11600000,1
1503072434,18765051,298.93,0.13533171,0
1503072386,18764848,299.59,14.26041187,0
1503072386,18764844,299.57,0.39000000,0
1503072386,18764842,299.57,0.66891869,1
1503072385,18764837,299.12,0.02421844,0
1503072384,18764833,299.01,0.11600000,1
1503072384,18764831,299.01,1.97000000,0
1503072383,18764826,299.00,0.53345100,1
1503072382,18764820,299.00,17.03700000,0
1503072360,18764714,297.71,0.23661097,1
1503072360,18764712,297.72,0.34000000,1
1503072360,18764709,297.84,0.29042903,1
1503072135,18764280,299.02,0.07000000,0
1503072135,18764279,299.01,9.93000000,0
1503072117,18764260,299.02,3.31000000,1
1503072116,18764259,299.02,6.69000000,1
1503072097,18764209,298.11,0.07927000,1
1503072060,18764154,298.09,1.08976200,1
1503072050,18764136,298.09,0.03100000,1
1503072049,18764135,298.09,0.03200000,1
1503072037,18764104,298.42,5.00000000,1
1503071990,18764051,298.50,0.77021775,1
1503071989,18764048,298.50,1.22978225,1
1503071845,18763967,298.42,0.30991300,1
1503071695,18763838,297.84,1.83245910,1
1503071694,18763837,297.85,0.29042871,1
1503071694,18763836,298.42,0.00010119,1
1503071682,18763805,298.42,0.30989881,1
1503071665,18763791,297.86,0.33077712,1
1503071665,18763790,297.86,0.29040488,1
1503071665,18763789,297.87,0.32000000,1
1503071651,18763780,297.85,0.36000000,0
1503071650,18763779,297.86,1.81000000,1
1503071650,18763778,297.92,0.21670587,1
1503071647,18763777,297.92,0.60500000,1
1503071636,18763772,297.92,0.17829413,1
1503071636,18763771,297.93,0.29070587,1
1503071601,18763754,298.08,6.50000000,1
1503071595,18763747,298.08,2.00000000,1
1503071576,18763725,298.12,0.02421844,1
1503071576,18763724,298.15,30.00000000,1
1503071576,18763723,298.16,0.01691051,1
1503071576,18763722,298.16,2.21000000,1
1503071576,18763721,298.28,0.32000000,1
1503071576,18763720,298.31,0.11600000,1
1503071571,18763718,299.23,0.01450389,0
1503071570,18763717,299.22,0.19692800,0
1503071497,18763669,299.01,0.00378076,1
1503071496,18763664,299.01,0.09711924,1
1503071488,18763655,299.04,0.25307200,1
1503071330,18763580,299.02,0.22438795,1
1503070820,18763247,300.01,0.12000000,0
1503070819,18763244,299.12,2.10985558,1
1503070816,18763242,299.11,5.83400000,1
1503070807,18763237,299.11,0.48000000,1
1503070806,18763236,299.11,2.38000000,1
1503070806,18763234,299.12,0.48000000,0
1503070805,18763233,299.12,2.38000000,0
1503070801,18763228,299.12,2.63000000,1
1503070786,18763220,299.12,0.02313900,1
1503070784,18763218,299.12,0.33483153,1
1503070783,18763217,299.12,0.02413747,1
1503070773,18763214,299.12,0.93044925,1
1503070773,18763213,299.12,0.02050375,1
1503070772,18763211,299.12,0.65048100,1
1503070756,18763202,300.86,8.75174450,0
1503070756,18763201,300.86,1.20000000,1
1503070756,18763199,300.12,0.02407061,0
1503070755,18763198,299.12,0.02418489,0
1503070753,18763197,299.11,0.19000000,1
1503070750,18763196,299.11,0.11600000,0
1503070728,18763161,298.76,0.53056634,0
1503070728,18763160,298.76,0.66943366,0
1503070708,18763151,298.77,0.05007196,0
1503070696,18763144,298.79,1.20000000,0
1503070662,18763113,298.84,1.20000000,0
1503070647,18763104,298.85,0.20000000,0
1503070645,18763103,298.85,0.08422549,0
1503070645,18763102,298.85,0.90577451,0
1503070645,18763100,298.85,0.99732307,0
1503070635,18763093,298.68,1.20000000,0
1503070533,18763042,298.36,0.47908615,0
1503070533,18763041,298.36,0.12453733,0
1503070533,18763040,298.36,0.59637652,0
1503070489,18762979,298.00,0.33426300,1
1503070465,18762957,298.00,0.22436242,1
1503070463,18762954,297.84,0.41503300,1
1503070438,18762942,297.84,1.23552000,1
1503070414,18762925,297.84,0.22655887,1
1503070414,18762923,298.00,0.22438795,1
1503070345,18762839,297.83,0.06434400,1
1503070303,18762812,297.83,1.21335456,0
1503070299,18762810,297.50,1.52242000,1
1503070285,18762806,297.85,8.66003777,0
1503070285,18762805,297.85,1.33996223,0
1503070272,18762789,297.50,1.83518783,1
1503070243,18762765,297.51,2.11565500,1
1503070239,18762761,297.51,0.10000000,1
1503070218,18762748,297.50,2.25308800,1
1503070218,18762747,297.50,0.07233100,1
1503070215,18762743,297.50,1.89903000,1
1503070213,18762740,297.50,1.02102300,1
1503070151,18762712,297.50,0.48173683,1
1503070068,18762645,297.50,0.60988000,1
1503070029,18762581,297.50,0.93284883,1
1503069831,18762465,297.91,0.06703367,0
1503069771,18762286,297.50,0.19972600,1
1503069769,18762282,297.50,17.86715900,1
1503069762,18762263,297.58,5.39826790,1
1503069762,18762262,297.58,2.36737500,1
1503069762,18762261,297.58,12.95181122,1
1503069762,18762260,297.59,1.33996223,1
1503069762,18762259,297.70,0.05267282,1
1503069762,18762257,297.93,2.57281173,1
1503069761,18762255,297.93,1.00937200,1
1503069759,18762246,298.12,0.02418489,1
1503069759,18762245,298.13,0.12453733,1
1503069759,18762244,298.16,0.59637652,1
1503069755,18762240,298.16,0.15730723,1
1503069742,18762194,298.75,0.57198516,0
1503069740,18762181,298.75,2.84000000,0
1503069740,18762177,298.75,5.94179468,0
1503069731,18762140,298.77,5.01420917,0
1503069731,18762138,298.76,0.00000842,0
1503069730,18762134,298.76,0.66942524,0
1503069723,18762092,298.79,9.33061115,0
1503069723,18762086,298.78,0.66938885,0
1503069709,18762066,298.16,0.22000000,1
1503069684,18762045,298.86,5.35658836,0
1503069684,18762044,298.85,3.69000000,1
1503069683,18762043,298.84,0.44000000,1
1503069682,18762040,298.84,0.50000000,0
1503069680,18762037,298.16,0.50000000,1
1503069652,18761989,298.16,10.00841922,1
1503069652,18761988,298.17,0.11600000,1
1503069652,18761987,298.30,15.10002339,1
1503069652,18761986,298.31,2.52966939,1
1503069651,18761983,298.31,0.21413300,1
1503069647,18761972,298.30,0.35352466,1
1503069647,18761971,298.31,1.12015934,1
1503069622,18761958,298.30,1.46025000,1
1503069621,18761956,298.30,0.21633600,1
1503069620,18761952,298.30,0.37020000,1
1503069618,18761951,298.30,1.52750000,1
1503069618,18761949,298.30,45.78345392,1
1503069618,18761948,298.31,2.99634608,1
1503069590,18761937,298.30,0.67826903,1
1503069590,18761936,298.31,0.99999997,1
1503069331,18761733,299.40,1.28900000,1
1503069326,18761729,299.40,8.71100000,0
1503069312,18761715,299.42,10.00000000,0
1503069231,18761654,299.86,0.10334300,0
1503069220,18761645,299.37,1.26859966,1
1503069206,18761638,299.38,1.63482600,1
1503069206,18761637,299.38,1.26860000,1
1503069206,18761636,299.38,1.21922600,1
1503069198,18761632,299.38,1.31797400,1
1503069191,18761626,299.37,0.00000034,1
1503069191,18761624,299.38,1.24000000,1
1503069191,18761623,299.38,0.02859966,1
1503069191,18761621,299.38,2.90342600,1
1503069190,18761619,299.38,1.26860000,1
1503069185,18761610,299.38,0.73081035,1
1503069183,18761606,299.38,1.26856399,1
1503069179,18761603,299.37,1.26860000,1
1503069178,18761602,299.37,2.07500000,1
1503069178,18761601,299.37,3.11920000,1
1503069176,18761600,299.37,1.26860000,1
1503069175,18761599,299.37,0.50000000,1
1503069174,18761598,299.37,0.50000000,0
1503069149,18761590,299.37,0.17041299,0
1503069147,18761588,299.37,4.59814465,1
1503069146,18761587,299.37,2.46942400,1
1503069146,18761585,299.37,2.09226700,1
1503069145,18761584,299.37,0.50000000,1
1503069144,18761583,299.37,0.34016435,0
1503069143,18761582,299.37,0.15983565,0
1503069132,18761564,299.36,5.79852500,1
1503069130,18761562,299.36,0.11500000,0
1503069130,18761561,299.36,4.08647500,0
1503069116,18761545,299.40,9.50000000,0
1503069116,18761544,299.39,0.50000000,0
1503069104,18761535,299.44,0.00036735,0
1503069104,18761533,299.44,0.50000000,0
1503069100,18761529,299.48,9.50000000,0
1503069100,18761528,299.46,0.50000000,0
1503069094,18761520,299.03,0.50000000,1
1503069088,18761508,299.03,3.47885400,1
1503069081,18761499,299.03,0.50000000,1
1503069080,18761497,299.03,3.76000000,1
1503069079,18761496,299.03,0.50000000,1
1503069075,18761489,299.02,9.50000000,1
1503069073,18761487,299.02,0.50000000,1
1503069023,18761381,299.02,3.44752942,1
1503069023,18761380,299.02,0.66885158,1
1503069021,18761378,299.01,3.78000000,0
1503069021,18761377,299.00,2.10361900,0
1503069011,18761361,298.31,1.59969695,1
1503069011,18761360,298.31,0.60905905,1
1503069010,18761356,298.31,0.06137600,1
1503069005,18761344,299.02,3.24007300,1
1503069004,18761343,299.02,2.26992700,0
1503069004,18761342,299.02,4.49000000,0
1503068992,18761332,299.03,7.73017900,0
1503068992,18761331,299.02,2.26982100,0
1503068980,18761328,299.05,10.00000000,0
1503068968,18761317,299.07,10.00000000,0
1503068946,18761304,299.12,0.00010029,1
1503068945,18761303,299.12,1.53058973,1
1503068944,18761302,299.13,4.66000000,0
1503068944,18761301,299.12,5.34000000,0
1503068929,18761296,299.18,9.33148377,0
1503068929,18761295,299.17,0.66851623,0
1503068914,18761289,299.21,10.00000000,0
1503068894,18761281,299.25,10.00000000,0
1503068873,18761258,299.31,5.84393165,1
1503068873,18761257,299.31,0.15606835,1
1503068862,18761252,299.18,4.00000000,0
1503068839,18761232,298.30,0.30900000,1
1503068831,18761222,298.30,21.54374300,1
1503068824,18761209,298.30,0.07270000,1
1503068817,18761194,298.30,77.58500000,1
1503068817,18761193,298.38,0.11500000,1
1503068804,18761185,298.44,10.03000000,0
1503068630,18761051,299.45,1.31337451,0
1503068615,18761024,299.47,2.07196046,0
1503068513,18760917,299.61,0.89866827,0
1503068376,18760777,299.92,1.50000000,0
1503068376,18760776,299.91,0.50000000,0
1503068283,18760675,299.33,10.00000000,0
1503068260,18760670,299.36,1.00000000,0
1503068170,18760621,299.51,10.00000000,0
1503068092,18760587,299.00,5.91390400,1
1503068089,18760585,299.00,0.90941600,1
1503068089,18760584,299.00,1.13363200,1
1503068088,18760583,299.01,6.69000000,1
1503068088,18760582,299.01,0.27636797,1
1503068068,18760573,299.41,7.00000000,0
1503068067,18760572,299.01,0.39069800,1
1503068055,18760564,299.43,0.99939886,0
1503067954,18760305,299.38,2.29000000,0
1503067954,18760304,299.37,3.71000000,0
1503067935,18760283,299.39,3.31000000,0
1503067934,18760281,299.39,2.69000000,0
1503067918,18760269,299.39,4.00000000,1
1503067785,18760177,299.73,0.07927134,0
1503067784,18760176,299.12,0.02064106,0
1503067773,18760171,299.12,0.00351029,0
1503067771,18760169,299.00,0.05259907,0
1503067655,18760044,298.94,6.42132368,1
1503067654,18760042,298.94,3.57867632,0
1503067633,18760030,298.93,4.00000000,0
1503067566,18759942,298.27,3.16000000,1
1503067440,18759867,298.93,0.07000000,0
1503067335,18759792,298.13,0.16546267,1
1503067244,18759663,298.61,1.97756271,0
1503067241,18759657,298.61,2.00000000,0
1503067215,18759583,298.59,0.49991628,1
1503067166,18759546,298.59,0.28763519,1
1503067165,18759538,298.59,0.13441511,1
1503067165,18759535,298.59,9.57794970,1
1503067141,18759518,298.87,1.33079034,0
1503067141,18759517,298.86,0.66920966,0
1503067085,18759457,298.93,4.01000000,0
1503067084,18759454,297.51,6.00637337,1
1503066984,18759265,298.21,3.88000000,1
1503066977,18759258,298.12,4.12000000,0
1503066977,18759257,298.10,2.00000000,0
1503066817,18758954,298.22,10.00000000,1
1503066754,18758871,298.22,10.00000000,1
1503066690,18758724,297.22,1.17502167,1
1503066690,18758723,297.30,0.50000000,1
1503066690,18758722,298.30,0.00000033,1
1503066649,18758622,298.92,0.20911250,0
1503066630,18758586,298.30,2.12626600,1
1503066599,18758495,298.30,2.00000000,1
1503066598,18758493,298.30,2.71266167,1
1503066597,18758492,298.31,0.16564633,1
1503066597,18758491,298.50,0.22839900,1
1503066586,18758478,299.01,0.38716688,0
1503066584,18758475,298.50,0.99276200,1
1503066583,18758473,298.50,8.77883900,1
1503066579,18758462,299.02,2.47557428,0
1503066577,18758458,298.77,2.43897004,1
1503066569,18758447,299.02,0.53070000,0
1503066567,18758441,298.77,0.03909000,1
1503066566,18758438,299.03,0.03908500,0
1503066559,18758429,299.04,0.16477195,0
1503066541,18758415,299.07,1.29628515,0
1503066541,18758414,299.07,1.03506716,0
1503066541,18758413,299.07,1.82784577,0
1503066535,18758410,299.07,0.61341447,0
1503066535,18758408,299.07,0.66873976,1
1503066534,18758404,299.08,0.12758751,0
1503066534,18758403,299.08,3.46182000,0
1503066533,18758400,299.08,3.10818000,0
1503066532,18758394,299.07,0.16342392,0
1503066512,18758368,298.30,0.03170000,1
1503066407,18758245,298.80,0.93554217,0
1503066384,18758224,298.30,1.00000000,1
1503066349,18758154,298.30,2.12937200,1
1503066330,18758142,298.80,1.60827332,0
1503066323,18758130,298.83,1.56598110,0
1503066321,18758128,297.50,0.18879592,0
1503066320,18758125,297.50,4.51421849,1
1503066320,18758124,297.50,2.00000000,1
1503066319,18758123,298.81,1.94903116,0
1503066315,18758111,298.84,1.75532879,0
1503066314,18758109,297.50,9.69622114,1
1503066314,18758108,297.51,1.00000000,1
1503066307,18758099,298.84,1.60804662,0
1503066273,18758063,298.94,2.90844888,0
1503066268,18758049,297.50,3.34965900,1
1503066261,18758013,297.50,0.29703300,1
1503066253,18758009,297.50,3.14776216,1
1503066253,18758008,297.51,0.67223784,1
1503066250,18758004,298.99,0.13000000,0
1503066247,18757998,298.99,2.17841132,0
1503066238,18757991,297.50,3.50932470,1
1503066238,18757990,297.50,0.50000000,1
1503066238,18757989,297.50,3.11641000,0
1503066238,18757988,297.55,0.20000000,1
1503066237,18757985,297.70,0.16503390,0
1503066236,18757980,297.70,0.50000000,1
1503066236,18757978,299.02,1.50923140,1
1503066236,18757977,299.02,0.66885158,0
1503066232,18757974,299.03,2.17804625,0
1503066165,18757865,299.09,1.20569444,0
1503066158,18757851,297.90,0.50000000,1
1503066158,18757849,298.00,0.14339930,1
1503066138,18757738,298.00,5.64637900,0
1503066137,18757731,298.00,1.00000000,1
1503066137,18757729,298.07,0.45000000,1
1503066128,18757678,298.07,0.44973465,1
1503066128,18757677,298.12,0.02415135,1
1503066106,18757642,298.50,5.00000000,1
1503066106,18757641,299.12,0.02407061,1
1503066103,18757634,300.04,4.81089925,0
1503066103,18757633,300.03,5.18910075,0
1503066086,18757603,300.10,25.00000000,0
1503066033,18757476,300.44,0.29357157,1
1503066032,18757473,300.12,0.02403718,0
1503066031,18757462,299.12,0.02411780,0
1503066028,18757439,298.20,0.15816916,0
1503066027,18757434,298.03,17.61917078,1
1503066027,18757432,298.03,5.33000000,0
1503066026,18757426,298.10,0.50000000,1
1503066026,18757421,298.12,0.02411780,1
1503066026,18757413,298.18,0.30000000,1
1503066025,18757410,298.20,0.50000000,1
1503066025,18757406,298.30,0.50000000,1
1503066025,18757401,298.50,12.61241378,0
1503066024,18757389,298.50,0.50000000,1
1503066018,18757362,298.70,0.50000000,1
1503066018,18757360,298.71,0.93000000,1
1503066004,18757298,298.72,0.04000031,1
1503066004,18757296,298.88,0.03452890,1
1503066004,18757295,298.90,0.19081532,1
1503066004,18757294,299.16,1.00000047,1
1503066003,18757293,299.16,4.02524600,1
1503066001,18757289,299.15,0.14475353,0
1503066001,18757288,298.90,0.30918468,1
1503066000,18757287,299.00,0.50000000,1
1503066000,18757285,299.02,0.16677814,1
1503066000,18757284,299.12,0.02403718,1
1503065995,18757248,299.15,0.15089925,1
1503065973,18757188,300.12,0.02403718,0
1503065840,18757010,299.32,0.76389000,0
1503065840,18757006,299.32,0.22689500,0
1503065833,18756995,299.32,0.56992100,0
1503065829,18756989,299.35,0.50000000,1
1503065813,18756972,299.02,3.50522172,0
1503065813,18756971,299.02,7.42986000,0
1503065812,18756969,299.10,0.50000000,1
1503065812,18756967,299.12,0.02403718,1
1503065812,18756965,299.12,0.50000000,0
1503065811,18756962,299.30,15.72699632,1
1503065811,18756959,299.30,0.50000000,1
1503065811,18756957,299.32,9.09900000,1
1503065811,18756956,299.33,22.69815206,0
1503065810,18756955,299.33,0.50000000,0
1503065810,18756953,299.33,0.16073272,0
1503065810,18756951,299.33,11.94600000,1
1503065809,18756950,299.33,0.50000000,1
1503065769,18756926,300.24,2.71086464,0
1503065759,18756918,299.31,15.02325826,0
1503065759,18756917,299.50,10.00000000,1
1503065759,18756916,299.50,0.50000000,1
1503065759,18756915,299.50,0.29602191,1
1503065758,18756914,299.70,0.50000000,1
1503065758,18756913,299.85,0.03833583,1
1503065758,18756912,299.90,0.50000000,1
1503065757,18756911,299.99,0.37988541,1
1503065757,18756910,300.00,5.00000000,1
1503065757,18756909,300.00,10.00000000,1
1503065757,18756908,300.00,0.07589999,1
1503065756,18756905,300.00,1.00000000,1
1503065756,18756904,300.00,0.30000000,1
1503065756,18756903,300.00,0.50000000,1
1503065756,18756902,300.00,1.00000000,1
1503065756,18756901,300.05,0.03750000,1
1503065756,18756900,300.05,3.00000000,1
1503065755,18756899,300.10,0.50000000,1
1503065755,18756898,300.12,0.02395708,1
1503065753,18756895,300.25,1.32514152,1
1503065730,18756877,301.12,0.03314293,0
1503065710,18756820,300.25,0.00001670,1
1503065710,18756818,300.25,8.42998330,0
1503065708,18756807,300.45,6.57000000,1
1503065699,18756788,300.44,6.79739500,1
1503065699,18756787,300.45,0.55000000,1
1503065699,18756786,300.45,5.87860500,1
1503065696,18756784,300.45,0.14276300,1
1503065693,18756779,300.45,0.54863200,1
1503065671,18756757,301.30,0.50019913,0
1503065617,18756688,301.43,1.34083067,1
1503065617,18756686,301.43,7.62216933,0
1503065616,18756681,301.43,1.34083067,0
1503065546,18756626,301.62,0.13025962,0
1503065546,18756625,301.59,0.36974038,0
1503065502,18756601,301.74,0.62898522,1
1503065501,18756600,301.74,0.50000000,1
1503065500,18756597,301.74,0.50000000,0
1503065487,18756574,300.27,3.93196478,1
1503065309,18756476,300.25,22.59630722,1
1503065309,18756475,300.26,0.66611418,1
1503065308,18756474,300.40,16.07344747,0
1503065308,18756473,300.40,10.93600000,0
1503065307,18756470,300.40,0.09815054,0
1503065307,18756469,300.40,9.13000000,0
1503065307,18756468,300.40,0.49998059,1
1503065301,18756451,300.40,0.00001941,0
1503065301,18756450,300.40,0.49998059,0
1503065297,18756434,300.40,0.50000000,0
1503065221,18756356,301.38,1.41515694,1
1503065216,18756351,301.38,6.57000000,0
1503065216,18756350,301.38,2.56493463,0
1503065216,18756349,301.38,13.00733293,0
1503065210,18756339,300.30,0.38774302,0
1503065210,18756338,300.30,0.19095698,1
1503065200,18756328,301.41,5.60645201,0
1503065200,18756327,301.41,0.66354799,0
1503065200,18756326,301.41,4.73000000,0
1503065192,18756322,300.30,0.30904302,1
1503065192,18756321,300.50,0.66552698,1
1503065191,18756320,300.51,0.66543000,1
1503065184,18756314,300.50,9.33447302,1
1503065184,18756311,300.50,0.50000000,1
1503065184,18756310,300.54,0.66546044,1
1503065184,18756309,300.56,0.00003327,1
1503065184,18756307,300.56,0.49996673,1
1503065170,18756293,301.46,2.38486000,1
1503065170,18756292,301.46,6.57000000,0
1503065170,18756291,301.45,3.48000000,0
1503065169,18756287,300.65,11.50000000,0
1503065167,18756284,300.65,0.50000000,1
1503065130,18756270,300.63,1.00000000,1
1503065122,18756268,300.62,0.30000000,1
1503065117,18756263,300.60,0.15665336,1
1503065114,18756256,301.55,1.15352217,0
1503065114,18756255,301.55,0.33697691,0
1503065113,18756252,301.55,0.44201000,0
1503065112,18756250,301.55,4.30217211,0
1503065109,18756242,301.55,1.48884098,0
1503065085,18756209,300.90,2.23021468,0
1503065077,18756198,300.85,0.32613014,1
1503065077,18756197,300.90,0.75412486,1
1503065077,18756196,300.90,0.21976600,1
1503065071,18756188,300.90,0.66073785,0
1503065070,18756184,300.90,0.66070104,0
1503065069,18756181,300.90,0.66105978,0
1503065068,18756176,300.90,0.16282238,0
1503065067,18756161,300.90,0.03510979,1
1503065064,18756150,300.90,0.00184021,0
1503065064,18756149,300.89,0.11400000,0
1503065063,18756146,300.90,0.14910695,0
1503065061,18756143,300.90,0.00557696,0
1503065058,18756138,300.90,0.15108639,0
1503065057,18756137,300.90,0.05515843,1
1503065056,18756132,300.90,0.15666335,1
1503065040,18756116,301.73,1.00013256,0
1503065037,18756114,301.74,5.71827671,0
1503064985,18756079,300.90,0.02000000,1
1503064970,18756073,301.87,0.01656342,0
1503064819,18756012,301.99,0.06600000,0
1503064781,18755956,302.04,3.33783605,0
1503064781,18755955,302.04,0.66216395,0
1503064732,18755949,302.10,0.14046666,0
1503064644,18755914,302.48,0.30606982,0
1503064638,18755906,302.46,0.10000000,0
1503064527,18755845,302.49,0.04000000,0
1503064477,18755841,301.61,1.00000000,0
1503064456,18755828,301.62,0.00000040,1
1503064452,18755821,301.63,0.65977982,0
1503064446,18755814,301.62,7.87671300,1
1503064445,18755812,301.63,3.92000000,1
1503064445,18755811,301.63,1.00000000,1
1503064438,18755808,301.64,0.08947312,0
1503064437,18755805,301.64,0.29652688,0
1503064436,18755804,301.65,0.11400000,1
1503064426,18755795,302.92,0.00000266,0
1503064426,18755793,302.91,1.56578000,1
1503064425,18755788,302.91,0.13421734,1
1503064424,18755787,302.91,0.30000000,0
1503064384,18755739,301.02,0.11400000,1
1503064382,18755736,300.51,1.22696937,0
1503064381,18755734,300.51,11.63400000,0
1503064381,18755733,300.51,10.77800000,1
1503064381,18755732,300.55,0.47573332,1
1503064381,18755731,300.55,0.50000000,0
1503064380,18755727,300.70,0.50000000,1
1503064380,18755723,300.71,8.43200000,0
1503064380,18755722,300.90,0.50000000,1
1503064380,18755721,300.90,5.12102214,0
1503064379,18755720,300.90,0.50000000,0
1503064379,18755719,301.00,10.00000000,1
1503064379,18755718,301.00,7.02654244,1
1503064379,18755717,301.00,0.41424418,1
1503064378,18755716,301.00,2.00000000,1
1503064378,18755715,301.02,7.00000000,1
1503064378,18755714,301.02,0.50000000,0
1503064378,18755713,301.10,0.50000000,1
1503064377,18755712,301.12,6.93512348,1
1503064377,18755711,301.30,0.50000000,1
1503064377,18755710,301.30,0.50000000,0
1503064377,18755709,301.50,10.00000000,1
1503064376,18755708,301.51,0.66331956,1
1503064376,18755707,301.58,0.05706551,1
1503064376,18755706,301.60,1.00000000,1
1503064376,18755705,301.60,0.50000000,0
1503064375,18755702,301.61,0.50000000,0
1503064374,18755700,301.61,0.50000000,1
1503064365,18755698,301.61,0.50000000,0
1503064363,18755697,301.62,0.50000000,1
1503064318,18755673,302.41,0.05000000,0
1503064262,18755644,301.58,0.07756704,1
1503064262,18755642,302.00,0.05706551,1
1503064207,18755610,302.47,1.97870863,0
1503064176,18755596,302.52,6.57000000,0
1503064116,18755572,302.60,5.90903962,0
1503064116,18755571,302.59,0.66096038,0
1503064024,18755524,301.58,6.76684400,1
1503064010,18755519,301.58,12.17887900,1
1503064010,18755518,301.58,1.22941300,1
1503064010,18755517,301.60,0.10000000,1
1503064010,18755516,301.68,6.57000000,1
1503064010,18755515,301.68,0.33147700,1
1503063957,18755484,302.00,0.14122001,1
1503063934,18755476,302.49,8.09589000,1
1503063934,18755475,302.49,6.78110500,1
1503063934,18755474,302.49,14.82300500,1
1503063933,18755473,302.49,0.30000000,0
1503063930,18755469,302.00,0.01404418,1
1503063930,18755466,302.01,0.27595582,1
1503063889,18755372,302.20,1.10000000,1
1503063663,18755155,302.64,0.29525854,0
1503063653,18755149,302.00,0.00000038,0
1503063652,18755148,302.00,1.00000000,1
1503063652,18755146,302.01,0.17274262,1
1503063628,18755130,302.65,0.58205848,0
1503063469,18755015,302.33,0.44869844,0
1503063378,18754901,302.33,0.05130156,0
1503063355,18754870,301.32,0.74037367,1
1503063355,18754869,301.32,0.66439921,1
1503063355,18754867,301.32,0.50000000,1
1503063355,18754866,302.22,0.06673946,1
1503063354,18754863,302.33,0.00008766,1
1503063345,18754845,302.33,1.75883968,1
1503063345,18754842,304.22,0.01929525,0
1503063343,18754839,302.33,0.14294969,1
1503063336,18754826,302.33,3.00000000,1
1503063336,18754825,302.33,5.36425600,1
1503063262,18754770,302.22,6.84641100,1
1503063260,18754769,302.22,0.18758900,1
1503063259,18754768,302.22,0.11400000,1
1503063233,18754736,307.31,25.87097718,1
1503063233,18754731,307.30,0.50000000,0
1503063233,18754730,307.30,3.30941500,1
1503063233,18754728,307.30,13.92227190,1
1503063233,18754725,307.12,0.02348752,0
1503063232,18754723,307.00,0.03744300,0
1503063232,18754722,307.00,0.30000000,0
1503063232,18754721,307.00,3.20262500,1
1503063232,18754720,306.90,0.92911317,0
1503063232,18754719,306.72,0.46618725,0
1503063231,18754718,306.41,0.16602021,0
1503063231,18754717,306.12,0.99500000,0
1503063231,18754716,306.12,3.68174600,1
1503063231,18754715,306.12,3.09381800,1
1503063231,18754713,306.12,2.01000000,1
1503063231,18754710,306.12,1.66260100,1
1503063230,18754706,305.59,0.77518136,0
1503063230,18754705,305.59,1.52152500,0
1503063230,18754703,305.59,4.82079200,0
1503063230,18754701,305.59,0.44761200,0
1503063230,18754700,305.59,0.34978900,0
1503063230,18754699,305.59,0.17750740,0
1503063229,18754698,305.59,2.06431800,0
1503063229,18754696,305.58,20.04393527,0
1503063229,18754695,305.58,0.63000000,1
1503063229,18754694,305.50,0.05674782,0
1503063228,18754691,305.45,3.89765754,0
1503063228,18754689,305.45,3.15000000,1
1503063228,18754688,304.61,0.06621688,0
1503063228,18754687,304.61,3.67466025,1
1503063227,18754686,303.91,0.32000000,1
1503063227,18754685,303.85,12.98800956,0
1503063227,18754684,303.85,7.94900000,1
1503063227,18754683,303.60,0.22973923,0
1503063226,18754682,303.16,0.09960000,0
1503063226,18754681,303.16,0.27100000,1
1503063226,18754680,303.16,75.28318600,1
1503063226,18754679,303.16,3.00000000,1
1503063226,18754678,303.16,15.59337900,1
1503063226,18754677,302.92,0.50000000,0
1503063225,18754676,302.41,0.78000000,0
1503063225,18754675,302.41,0.66201053,1
1503063225,18754674,302.22,3.89000000,0
1503063224,18754673,302.21,15.93400000,1
1503063224,18754672,302.21,0.09149300,1
1503063224,18754670,302.13,6.63600000,0
1503063223,18754669,302.12,70.31800000,0
1503063223,18754668,302.11,9.75000000,0
1503063191,18754641,302.30,0.01650678,0
1503063143,18754614,302.60,0.87686715,1
1503063141,18754613,301.65,0.00000003,0
1503063091,18754574,301.65,0.46999997,0
1503063089,18754572,302.93,0.21107600,0
1503063088,18754571,301.65,0.34813697,0
1503063087,18754568,301.65,0.15186303,0
1503063055,18754538,301.12,3.06487652,1
1503063054,18754537,301.16,0.09960000,1
1503063054,18754536,301.30,0.50000000,1
1503063054,18754534,301.45,2.14122048,1
1503063054,18754531,301.58,0.13867528,0
1503063052,18754523,301.45,1.35877952,1
1503063052,18754522,301.50,0.50000000,1
1503063052,18754521,301.58,20.04393527,1
1503063052,18754520,301.60,0.50000000,1
1503063043,18754486,301.70,77.70000000,0
1503063043,18754485,301.70,1.16728521,0
1503063040,18754474,301.84,0.15000000,0
1503063040,18754468,301.84,3.27907900,0
1503063039,18754465,301.84,4.60193600,1
1503063039,18754463,301.84,1.92692800,1
1503063022,18754404,301.84,6.07000000,1
1503063022,18754403,301.86,0.50000000,1
1503063004,18754329,302.00,2.00000000,1
1503063003,18754328,302.10,0.25000000,1
1503063003,18754326,302.12,1.50000000,1
1503063002,18754323,302.12,1.50000000,1
1503062956,18754277,302.18,2.75253000,0
1503062954,18754276,302.18,0.13402478,0
1503062952,18754272,302.17,5.59267962,1
1503062796,18754090,303.55,5.03653434,0
1503062793,18754086,303.55,0.15694184,0
1503062755,18754031,302.50,3.00000000,1
1503062754,18754030,302.66,0.51140586,1
1503062748,18754020,302.66,0.49996696,1
1503062746,18754016,302.66,0.49996696,1
1503062741,18754009,302.66,0.04880100,1
1503062734,18753993,302.68,5.68999976,1
1503062734,18753992,303.00,0.07088624,1
1503062727,18753971,303.00,3.01041300,1
1503062725,18753969,303.66,0.78166370,0
1503062724,18753968,303.66,0.42901629,0
1503062724,18753966,303.65,0.79000000,0
1503062724,18753963,303.34,0.00001157,0
1503062717,18753957,303.00,0.72625200,1
1503062716,18753956,303.00,0.04771900,1
1503062714,18753950,303.34,0.29998843,0
1503062695,18753923,303.00,0.16330500,1
1503062695,18753922,303.00,1.00000000,1
1503062695,18753921,303.02,0.41418794,1
1503062689,18753906,303.02,1.19655600,1
1503062688,18753901,303.02,0.14262244,1
1503062687,18753891,303.01,5.14663362,0
1503062687,18753886,303.10,1.74336638,1
1503062687,18753885,303.10,3.82201900,1
1503062685,18753884,303.69,0.19230135,0
1503062684,18753882,303.10,1.30664462,1
1503062684,18753879,303.11,0.65981815,1
1503062684,18753877,303.15,0.22973923,1
1503062683,18753872,303.69,0.16147152,0
1503062665,18753833,303.70,8.77000000,0
1503062665,18753832,303.69,1.23000000,0
1503062643,18753790,303.69,0.32845994,0
1503062540,18753701,303.75,1.46000000,0
1503062539,18753700,303.74,0.65845789,0
1503062515,18753653,303.14,1.16900000,1
1503062507,18753649,303.71,1.74000000,0
1503062507,18753648,303.70,3.66100000,0
1503062506,18753647,303.70,6.57000000,0
1503062504,18753645,303.70,6.57000000,0
1503062460,18753615,303.21,2.21458600,1
1503062458,18753613,303.21,2.00000000,1
1503062443,18753578,303.80,0.64065000,0
1503062436,18753566,303.18,2.20393000,1
1503062433,18753561,303.84,0.64066614,0
1503062420,18753548,303.77,2.31500400,0
1503062414,18753539,303.76,4.99999997,1
1503062372,18753521,303.20,1.11789700,1
1503062352,18753499,303.85,0.39999997,0
1503062351,18753498,303.85,0.06621688,1
1503062293,18753447,304.16,0.40018573,0
1503062293,18753446,304.15,5.64000000,0
1503062292,18753442,304.16,5.63997847,0
1503062133,18753307,304.00,4.46000000,0
1503062127,18753306,304.00,1.30750300,1
1503062109,18753293,304.72,2.02458046,0
1503062109,18753292,304.72,6.44700000,1
1503062109,18753290,304.71,0.10541971,0
1503062108,18753287,304.44,0.04368312,0
1503062108,18753286,304.35,0.12000000,0
1503062107,18753282,304.25,0.88000000,0
1503062104,18753270,304.10,0.50000000,1
1503062102,18753269,304.10,0.30000000,1
1503062102,18753268,304.11,0.20000000,1
1503062101,18753267,304.11,0.50000000,1
1503062100,18753266,304.11,0.50000000,1
1503062099,18753262,304.11,0.50000000,1
1503062098,18753255,304.11,0.50000000,1
1503062098,18753254,304.11,0.50000000,1
1503062098,18753253,304.11,0.50000000,0
1503062097,18753252,304.11,0.10000000,0
1503062096,18753250,304.10,0.50000000,1
1503062095,18753249,304.10,0.50000000,1
1503062094,18753246,304.10,0.50000000,1
1503062093,18753245,304.10,0.50000000,1
1503062092,18753244,304.10,0.20000000,1
1503062091,18753242,304.10,0.50000000,1
1503062089,18753240,304.10,0.50000000,1
1503062089,18753239,304.11,0.50000000,0
1503062089,18753238,304.11,0.50000000,0
1503062088,18753237,304.11,0.12000000,0
1503062088,18753236,304.10,0.50000000,1
1503062018,18753160,304.25,0.12000000,1
1503062003,18753145,304.44,0.15628400,0
1503061995,18753140,304.04,6.46801000,1
1503061995,18753139,304.07,0.50000000,1
1503061972,18753094,304.71,0.54996900,0
1503061966,18753092,304.05,0.53390200,1
1503061949,18753079,304.03,0.50000000,1
1503061940,18753061,304.02,2.59572564,1
1503061940,18753060,304.10,0.50000000,1
1503061939,18753059,304.10,0.77518136,1
1503061938,18753057,304.10,1.52152500,1
1503061935,18753055,304.12,1.79670600,1
1503061934,18753054,304.12,0.50000000,1
1503061925,18753043,304.14,0.50000000,1
1503061917,18753036,304.12,0.71265975,1
1503061917,18753035,304.13,19.24337725,1
1503061917,18753034,304.14,0.50000000,1
1503061907,18753012,304.13,0.52358800,1
1503061907,18753011,304.14,0.25666200,1
1503061878,18752985,304.14,0.15000000,1
1503061877,18752984,304.14,0.09333800,1
1503061848,18752949,304.10,4.82079200,1
1503061848,18752948,304.14,0.16572900,1
1503061847,18752947,304.14,0.16086000,1
1503061829,18752938,304.14,0.17341100,1
1503061797,18752920,304.10,0.44761200,1
1503061797,18752918,304.12,0.50000000,1
1503061793,18752909,304.10,0.34978900,1
1503061793,18752908,304.11,0.35000000,1
1503061793,18752907,304.11,0.15000000,1
1503061777,18752893,304.10,0.17750740,1
1503061777,18752892,304.12,0.09919400,1
1503061776,18752891,304.12,0.02580600,1
1503061774,18752888,304.12,0.37500000,1
1503061765,18752878,304.10,2.06431800,1
1503061765,18752877,304.13,0.50000000,1
1503061758,18752865,304.48,0.10200737,0
1503061758,18752864,304.48,0.14560363,0
1503061752,18752855,304.06,0.20000000,1
1503061747,18752848,304.03,0.16083736,0
1503061739,18752841,304.47,0.30600000,0
1503061739,18752840,304.03,0.02400000,0
1503061728,18752819,304.00,0.50000000,1
1503061728,18752816,304.00,14.60282650,1
1503061727,18752814,304.00,6.72000000,1
1503061727,18752808,304.00,7.37717350,1
1503061726,18752807,304.00,0.03781250,1
1503061725,18752804,304.01,1.28657000,1
1503061725,18752802,304.01,2.51009400,1
1503061725,18752797,304.03,0.50000000,1
1503061723,18752794,304.04,0.50000000,1
1503061718,18752778,304.03,0.47000000,1
1503061718,18752777,304.03,0.50000000,1
1503061696,18752751,304.03,0.12889800,1
1503061691,18752742,304.01,0.20333600,1
1503061690,18752741,304.11,0.13585100,1
1503061690,18752739,304.13,0.33062000,1
1503061686,18752733,304.13,0.16938000,1
1503061675,18752711,304.51,0.85454000,1
1503061675,18752710,304.51,5.58142500,0
1503061674,18752707,304.14,0.10000000,1
1503061674,18752705,304.21,1.00000000,1
1503061674,18752703,304.50,0.05674782,1
1503061673,18752701,304.51,0.31280229,1
1503061673,18752699,304.52,0.65538871,1
1503061609,18752651,304.69,0.02400000,1
1503061393,18752543,305.40,4.99129011,0
1503061380,18752534,305.41,0.07838643,0
1503061314,18752504,306.03,11.22481456,1
1503061313,18752502,306.02,1.27000000,1
1503061313,18752500,306.02,4.11725300,1
1503061313,18752499,306.00,0.07589999,0
1503061313,18752498,305.50,0.05077386,0
1503061312,18752497,305.49,0.83000000,0
1503061312,18752496,305.49,0.10000000,1
1503061312,18752495,305.16,1.35257891,0
1503061311,18752494,305.16,2.01000000,0
1503061311,18752493,305.16,3.00000000,0
1503061311,18752492,305.16,0.30000000,0
1503061311,18752491,305.16,3.40000000,0
1503061310,18752490,305.16,0.05893209,0
1503061310,18752489,305.15,0.65541537,1
1503061308,18752487,305.11,4.17000000,0
1503061291,18752483,305.12,2.22106282,0
1503061290,18752482,305.12,2.22105332,0
1503061276,18752472,305.14,0.13750322,0
1503061275,18752470,305.15,0.43014374,0
1503061275,18752469,305.15,0.11300000,0
1503061170,18752361,304.87,4.19000000,0
1503061147,18752351,304.90,0.12758000,0
1503060765,18752124,304.15,0.13665428,1
1503060763,18752121,304.15,1.27765900,0
1503060722,18752099,304.17,1.35257891,1
1503060692,18752081,304.17,2.01000000,1
1503060691,18752080,304.17,3.00000000,1
1503060688,18752078,304.17,0.30000000,1
1503060670,18752057,304.17,3.40000000,1
1503060669,18752056,304.17,0.05893209,1
1503060669,18752055,304.20,0.00004255,1
1503060669,18752054,304.31,0.19996936,1
1503060669,18752053,304.32,0.11300000,1
1503060642,18752005,304.31,0.13547215,0
1503060641,18752001,304.20,0.26482578,1
1503060629,18751986,304.31,0.15420000,0
1503060506,18751895,305.13,3.22448579,0
1503060505,18751894,305.12,2.06000000,0
1503060492,18751883,305.13,2.42239500,0
1503060492,18751878,305.13,0.44738318,0
1503060491,18751873,305.12,2.30683682,0
1503060486,18751858,305.12,0.14316318,0
1503060473,18751852,305.13,1.54632800,0
1503060472,18751851,305.13,2.44698900,0
1503060472,18751850,305.12,2.91000000,0
1503060372,18751817,305.12,0.50000000,0
1503060321,18751790,304.15,10.00000000,1
1503060307,18751762,305.12,0.65476316,0
1503060305,18751752,305.12,0.15361773,0
1503060304,18751747,305.12,0.65471593,0
1503060304,18751744,305.12,1.20683665,0
1503060214,18751643,305.13,0.94822048,0
1503060206,18751626,304.18,0.09000000,1
1503060185,18751580,305.16,0.14812609,0
1503060080,18751402,305.30,0.11549295,0
1503060078,18751398,305.30,0.65479460,0
1503060070,18751383,305.31,0.11548539,0
1503060065,18751372,305.32,0.11547404,0
1503060057,18751352,305.36,0.23094052,0
1503060055,18751343,305.36,0.65461098,0
1503060046,18751328,305.39,0.65448272,0
1503060046,18751325,305.39,0.11545514,0
1503060042,18751318,305.40,0.65458393,0
1503060005,18751287,305.49,0.76162885,0
1503059982,18751258,305.53,1.01541532,0
1503059975,18751220,305.55,0.85908394,0
1503059975,18751216,305.55,1.52923661,0
1503059971,18751202,305.57,3.89125951,0
1503059960,18751184,304.80,0.46618725,1
1503059959,18751182,305.00,0.00003014,1
1503059956,18751174,305.59,0.52478811,0
1503059954,18751167,305.59,0.54965190,0
1503059954,18751166,305.58,1.51000000,0
1503059952,18751160,305.00,0.39065574,1
1503059874,18751095,305.68,0.35176158,1
1503059873,18751093,305.68,2.62823842,0
1503059872,18751092,305.68,0.35176158,0
1503059837,18751081,305.67,0.02900000,0
1503059800,18751058,305.68,0.34755300,0
1503059794,18751057,305.68,3.61000000,0
1503059619,18750969,305.00,45.99487163,1
1503059619,18750968,305.00,3.65812837,1
1503059619,18750967,305.01,1.39100000,1
1503059619,18750966,305.02,4.42000000,1
1503059453,18750869,305.71,0.52072225,0
1503059302,18750727,305.50,5.00000000,0
1503059272,18750709,305.01,0.60900000,1
1503059272,18750708,305.02,0.03300000,1
1503059049,18750597,305.50,0.20362700,1
1503058953,18750542,305.69,2.80624161,0
1503058950,18750538,305.69,3.80000000,0
1503058874,18750504,305.50,0.06097400,1
1503058833,18750481,305.50,2.39330000,1
1503058779,18750462,305.50,3.72368100,1
1503058778,18750452,305.50,1.00001400,1
1503058738,18750436,305.50,0.19608900,1
1503058703,18750432,305.50,0.09259600,1
1503058683,18750430,305.52,2.00309400,1
1503058674,18750427,305.50,0.03655173,1
1503058674,18750426,306.08,0.36980527,1
1503058672,18750425,305.50,1.24950100,1
1503058660,18750417,305.50,6.47000000,1
1503058636,18750414,305.50,0.03200000,1
1503058627,18750407,305.50,6.74998100,1
1503058609,18750398,305.50,4.00000000,1
1503058592,18750386,305.87,10.00000000,0
1503058585,18750379,305.50,0.05650000,1
1503058581,18750374,305.87,0.65408840,0
1503058575,18750368,305.50,1.61963758,1
1503058575,18750367,305.51,0.65466742,1
1503058549,18750355,305.91,0.70301723,0
1503058499,18750338,305.99,0.34638387,0
1503058498,18750337,305.99,0.65361613,0
1503058495,18750335,306.00,5.44470588,0
1503058484,18750323,305.00,6.34187163,1
1503058484,18750322,305.00,0.87704918,1
1503058484,18750321,305.20,0.32935778,1
1503058484,18750320,305.21,21.35403541,1
1503058484,18750319,305.23,2.10000000,1
1503058371,18750252,305.22,0.05055200,1
1503058362,18750250,305.22,0.98492700,1
1503058351,18750248,305.22,0.02088900,1
1503058322,18750234,305.22,0.44000000,1
1503058269,18750206,305.21,11.08258200,1
1503058253,18750191,305.23,6.00000000,1
1503058253,18750190,305.24,5.21000000,1
1503058243,18750183,306.09,2.79965000,1
1503058242,18750181,306.08,2.60000000,0
1503058239,18750179,305.24,0.02371500,1
1503058033,18750036,305.92,1.13583220,0
1503058033,18750035,305.92,0.05662561,0
1503058033,18750034,305.90,0.48004219,0
1503058032,18750033,305.89,0.16485300,0
1503057991,18750009,305.89,0.20007192,0
1503057931,18749976,305.20,0.17568808,1
1503057925,18749972,305.20,0.19796855,1
1503057916,18749967,305.21,0.10000000,1
1503057798,18749919,305.21,0.11641012,1
1503057690,18749859,306.21,0.04160543,0
1503057688,18749856,306.12,0.02356450,0
1503057604,18749801,305.99,0.05637439,0
1503057596,18749793,305.21,0.02000000,1
1503057299,18749637,305.21,0.00000049,0
1503057299,18749636,305.21,5.46000000,1
1503057299,18749635,305.26,0.65393051,1
1503057299,18749634,305.26,1.77000000,1
1503057297,18749633,305.89,0.85000000,1
1503057265,18749619,305.89,0.65349148,0
1503057226,18749602,305.89,0.01891366,0
1503057192,18749585,305.88,0.49600000,0
1503057187,18749580,305.88,4.68598796,0
1503057127,18749548,306.00,1.00000000,0
1503057121,18749544,306.00,0.32598039,0
1503057075,18749530,306.08,0.99754974,0
1503056702,18749366,305.20,1.00000000,1
1503056692,18749357,305.99,1.00000000,0
1503056537,18749287,305.88,0.73000000,0
1503056537,18749286,305.88,3.64000000,0
1503056512,18749248,305.64,1.26709900,1
1503056509,18749244,305.63,0.06000000,0
1503056499,18749226,305.63,0.06619659,1
1503056499,18749220,305.64,0.14159998,1
1503056498,18749213,305.64,0.10000000,1
1503056497,18749209,305.64,1.91299400,1
1503056493,18749183,305.63,0.13270404,1
1503056489,18749170,305.63,0.35670416,1
1503056489,18749167,305.64,0.62138297,1
1503056488,18749161,305.64,0.13159438,0
1503056485,18749146,305.63,0.23783112,0
1503056484,18749139,305.63,0.08773995,0
1503056482,18749132,305.63,0.24064000,0
1503056482,18749131,305.63,0.08817495,0
1503056481,18749125,305.65,0.03779949,0
1503056481,18749123,305.65,0.08861804,0
1503056480,18749118,305.65,0.01138196,1
1503056478,18749114,305.65,0.10000000,1
1503056475,18749097,305.65,0.12578544,0
1503056470,18749082,305.64,0.13451767,0
1503056466,18749067,305.65,0.14182889,0
1503056464,18749054,305.63,0.29890892,0
1503056462,18749045,305.64,0.14193168,0
1503056460,18749035,305.64,0.15572877,0
1503056450,18748986,305.65,8.57047725,1
1503056449,18748978,305.65,0.14193858,1
1503056443,18748948,305.65,0.13635952,0
1503056443,18748946,305.65,0.65357969,0
1503056440,18748926,305.66,0.15682637,1
1503056439,18748921,305.66,0.00214066,0
1503056438,18748916,305.66,0.32813434,0
1503056433,18748889,305.66,0.14956638,0
1503056427,18748867,305.66,0.13681193,0
1503056426,18748860,305.66,0.65368596,0
1503056417,18748791,305.12,0.02356450,1
1503056417,18748785,305.17,0.10000000,1
1503056416,18748782,305.18,0.12938600,1
1503056416,18748780,305.18,1.00061400,1
1503056415,18748770,305.15,5.04000000,1
1503056414,18748768,305.15,4.31000000,1
1503056414,18748767,305.15,0.10000000,1
1503056411,18748752,305.15,0.10000000,1
1503056411,18748750,305.15,0.12710222,1
1503056410,18748745,305.15,0.10000000,0
1503056406,18748736,305.21,0.11300000,0
1503056405,18748731,305.21,5.14000000,0
1503056404,18748728,305.21,0.65256928,0
1503056403,18748724,305.22,0.06028125,1
1503056403,18748723,305.66,8.51320964,1
1503056403,18748721,305.66,1.57437133,1
1503056403,18748719,305.82,0.11196067,1
1503056402,18748716,306.34,1.09523200,0
1503056402,18748715,306.33,2.48476800,0
1503056401,18748711,305.82,2.16803933,1
1503056401,18748708,306.12,0.02348752,1
1503056400,18748705,306.33,0.11196115,1
1503056400,18748701,306.33,2.37280633,1
1503056400,18748697,306.34,7.55477467,1
1503056399,18748695,306.35,0.16000000,1
1503056399,18748692,306.40,6.11574948,1
1503056398,18748684,306.40,2.94425052,1
1503056398,18748676,306.41,0.63574948,1
1503056362,18748629,306.38,0.00096513,1
1503056362,18748628,306.39,0.64313687,1
1503056163,18748545,306.50,1.86842405,1
1503056163,18748544,306.50,1.12650783,1
1503056163,18748543,306.51,1.21343512,1
1503056122,18748529,307.50,0.99749593,0
1503056010,18748500,306.43,0.09000000,1
1503055965,18748460,306.43,2.00209000,0
1503055959,18748458,307.40,1.85659221,1
1503055959,18748455,307.40,0.14340779,1
1503055878,18748416,307.50,1.04894308,0
1503055878,18748415,307.50,0.50000000,0
1503055878,18748413,307.49,0.48000000,1
1503055877,18748411,307.40,1.12321455,0
1503055877,18748410,307.12,0.06028125,0
1503055877,18748409,307.12,0.02348752,0
1503055875,18748406,307.00,0.00878320,0
1503055853,18748392,307.00,0.09121668,0
1503055771,18748241,307.00,0.00000012,1
1503055698,18748214,307.00,1.74429400,1
1503055692,18748213,307.00,0.00000555,0
1503055683,18748208,307.00,0.56053600,0
1503055677,18748204,306.86,2.23190452,0
1503055612,18748155,306.86,1.29228312,0
1503055601,18748150,306.86,0.05760183,0
1503055552,18748141,306.86,1.49262060,0
1503055552,18748140,306.86,0.19000000,0
1503055552,18748139,306.86,1.76070860,0
1503055452,18748105,306.86,3.02313800,0
1503055430,18748086,306.85,0.64439640,0
1503055429,18748083,306.85,2.48055064,0
1503055405,18748060,306.30,0.13283845,1
1503055405,18748059,306.31,0.11417140,0
1503055404,18748058,306.31,0.65299014,1
1503055366,18748043,306.78,0.08980377,0
1503055342,18748021,306.30,1.03200100,1
1503055333,18748013,306.30,0.07936682,1
1503055324,18748008,306.30,0.09830737,1
1503055323,18748007,306.77,0.00169264,1
1503055323,18748006,306.77,0.01457362,0
1503055287,18747972,306.03,2.37000000,1
1503055176,18747920,306.77,0.98542638,0
1503055176,18747919,306.76,0.01457362,0
1503055170,18747916,306.76,0.09742638,0
1503055021,18747829,306.70,0.34000000,0
1503055021,18747828,306.70,0.11000000,0
1503055020,18747827,306.70,0.55000000,0
1503055018,18747826,305.47,1.00000000,1
1503055018,18747825,305.52,11.27000000,1
1503055018,18747824,305.53,0.11200000,1
1503054982,18747762,305.52,0.14932598,1
1503054980,18747759,305.51,0.85654900,1
1503054916,18747684,305.89,0.50000000,0
1503054910,18747675,305.90,12.70037495,0
1503054905,18747645,305.89,0.59000000,0
1503054895,18747643,305.90,2.25000000,0
1503054894,18747642,305.89,0.75000000,0
1503054881,18747640,305.89,0.23368155,0
1503054820,18747616,305.90,5.04962505,0
1503054820,18747615,305.90,20.00000000,0
1503054820,18747614,305.90,5.69911636,0
1503054819,18747613,305.83,0.89000000,1
1503054818,18747611,305.83,21.88700000,0
1503054777,18747524,305.89,0.57300000,0
1503054747,18747497,305.81,1.44099277,0
1503054743,18747494,305.81,0.13892516,0
1503054714,18747482,305.87,0.02775359,1
1503054693,18747479,305.89,0.36327200,0
1503054688,18747475,305.89,0.32609762,0
1503054681,18747470,305.89,1.04361045,0
1503054619,18747456,305.87,0.65387256,1
1503054617,18747455,305.87,0.18946287,0
1503054616,18747449,305.87,0.13338624,0
1503054616,18747443,305.87,0.67086000,0
1503054611,18747415,305.87,0.65251155,0
1503054610,18747411,305.87,0.30702586,0
1503054610,18747409,305.87,0.13675348,0
1503054597,18747402,305.87,2.08382646,0
1503054524,18747342,305.87,2.29911400,0
1503054521,18747339,305.87,0.65262435,0
1503054520,18747331,305.87,0.13459639,0
1503054474,18747287,305.85,0.19045283,0
1503054292,18747134,305.02,2.99000000,1
1503054110,18747031,305.06,2.71437000,1
1503054103,18747027,305.11,3.03572100,1
1503053893,18746863,305.84,6.19690034,0
1503053886,18746862,305.11,0.96427900,1
1503053879,18746856,305.22,0.00000043,1
1503053852,18746849,305.22,3.99999957,1
1503053852,18746848,305.26,0.13776643,1
1503053852,18746847,305.26,0.26541000,1
1503053708,18746740,305.74,1.00078498,0
1503053695,18746729,305.76,3.91516421,0
1503053683,18746725,305.45,0.00001914,0
1503053682,18746722,305.45,0.29998086,0
1503053670,18746714,305.26,3.73459000,1
1503053670,18746713,305.31,2.00000000,1
1503053661,18746707,305.45,5.07441007,1
1503053595,18746646,305.75,0.14075060,0
1503053573,18746594,305.79,1.24009941,0
1503053570,18746586,305.79,2.97007946,0
1503053567,18746578,305.80,3.22999920,0
1503053524,18746493,305.45,0.19000000,1
1503053481,18746450,305.89,1.28516787,0
1503053480,18746449,305.46,0.66217300,1
1503053454,18746423,305.89,0.15927474,0
1503053453,18746415,305.89,0.65191239,0
1503053452,18746414,305.89,0.65189076,0
1503053451,18746409,305.89,2.00140573,0
1503053383,18746352,305.45,4.78384660,1
1503053351,18746334,305.90,5.63000000,0
1503053351,18746333,305.89,4.37000000,0
1503053232,18746258,305.89,0.56441700,0
1503053084,18746070,305.90,2.00000000,0
1503053082,18746068,305.90,6.67088364,0
1503053082,18746067,305.90,7.37349936,0
1503053075,18746063,305.90,0.17595000,0
1503053069,18746061,305.97,2.48055064,1
1503053069,18746060,305.98,9.97000000,1
1503053052,18746048,306.00,0.25246000,0
1503053052,18746046,306.00,3.26016340,0
1503053046,18746030,306.00,1.90999000,1
1503053041,18746023,307.00,0.14057778,0
1503053014,18745989,307.00,2.02943602,0
1503053012,18745984,307.00,0.14447132,0
1503053007,18745978,307.00,0.65045321,0
1503053003,18745973,307.00,0.15563945,0
1503053003,18745972,307.00,0.84491429,0
1503053003,18745968,307.00,0.15508571,0
1503052797,18745796,306.60,1.91000000,0
1503052748,18745771,306.59,2.29000500,0
1503052748,18745770,306.59,1.90999500,0
1503052745,18745766,306.59,0.13937302,0
1503052586,18745624,305.67,1.00000000,0
1503052583,18745622,305.67,0.65424934,0
1503052581,18745620,305.67,0.65178799,0
1503052581,18745618,305.67,0.19887460,0
1503052558,18745597,305.50,9.14525104,0
1503052556,18745592,305.50,0.65216116,0
1503052556,18745591,305.50,9.99992898,0
1503052555,18745590,305.50,0.14680786,0
1503052555,18745589,305.55,2.00000000,1
1503052554,18745585,305.66,1.00000000,1
1503052554,18745584,305.67,1.06736344,1
1503052554,18745583,305.68,10.96500000,1
1503052554,18745582,306.12,0.02348752,1
1503052367,18745472,307.33,2.06475124,0
1503052295,18745405,307.49,0.67628215,1
1503052295,18745404,307.45,0.94000000,0
1503052293,18745403,307.00,2.63770901,0
1503052045,18745098,307.00,0.02578300,0
1503052044,18745097,307.00,0.53657200,0
1503052011,18745056,307.00,1.79993599,0
1503052010,18745055,307.00,0.03744300,0
1503052010,18745054,307.00,1.34477597,0
1503052008,18745050,306.99,1.81980656,1
1503052008,18745049,306.99,1.75019344,1
1503052004,18745047,306.99,0.65148702,1
1503052002,18745044,306.99,0.41511600,1
1503052001,18745043,307.00,1.82162866,0
1503051998,18745040,306.99,0.61469056,0
1503051998,18745039,306.99,2.16530944,0
1503051990,18745025,306.99,0.41283000,1
1503051989,18745017,307.00,0.79250814,0
1503051988,18745014,306.99,3.30000000,0
1503051967,18744995,306.99,3.08849735,0
1503051967,18744993,306.80,0.46313434,0
1503051967,18744992,306.51,0.01836831,0
1503051913,18744913,306.51,0.02763169,0
1503051913,18744912,306.51,0.69579800,0
1503051913,18744911,306.51,0.20388100,0
1503051912,18744909,306.30,0.04905200,0
1503051702,18744812,305.24,0.04905200,1
1503051654,18744790,305.23,0.04600000,1
1503051652,18744787,305.23,0.69579800,1
1503051647,18744786,305.23,0.20388100,1
1503051578,18744734,306.89,0.21000000,0
1503051578,18744733,306.87,0.79000000,0
1503051509,18744613,305.44,7.52106470,1
1503051509,18744612,305.48,0.13893530,1
1503051509,18744611,305.51,0.15000000,1
1503051508,18744606,305.51,1.62000000,1
1503051507,18744603,305.49,0.65467766,1
1503051507,18744601,305.52,0.23903508,1
1503051436,18744556,306.90,1.62512219,0
1503051333,18744478,306.80,0.16258149,0
1503051215,18744365,307.00,5.30000000,0
1503051214,18744364,306.99,2.17000000,0
1503051214,18744363,306.86,1.00000000,0
1503051214,18744362,306.30,1.00000000,0
1503051214,18744361,306.27,0.43000000,0
1503051212,18744359,306.25,0.10000000,0
1503051109,18744305,307.00,1.57983606,0
1503051109,18744304,306.99,0.65148702,0
1503051109,18744303,306.70,0.25000000,0
1503051109,18744302,306.69,0.53000000,0
1503051108,18744301,306.00,0.10000000,0
1503051108,18744300,305.90,3.00000000,0
1503051108,18744299,305.89,2.67000000,0
1503051106,18744291,305.85,1.21867692,0
1503050980,18744219,304.91,24.90034653,1
1503050980,18744218,304.92,7.56000000,1
1503050980,18744217,304.92,0.65590148,1
1503050980,18744216,304.93,0.23375199,1
1503050980,18744215,304.94,1.65000000,1
1503050956,18744211,305.85,0.25837676,0
1503050838,18744119,305.85,4.55173032,0
1503050837,18744118,305.84,0.35326968,0
1503050835,18744116,305.84,0.99673032,0
1503050818,18744095,305.84,0.65230186,0
1503050807,18744085,305.80,1.85608051,0
1503050804,18744079,305.80,0.14391949,0
1503050803,18744075,305.60,0.00000005,0
1503050771,18744032,305.60,1.09337700,0
1503050538,18743901,305.60,0.90662295,0
1503050537,18743900,305.30,2.00000000,0
1503050537,18743899,305.00,7.11137705,0
1503050537,18743898,304.99,3.54000000,0
1503050537,18743897,304.97,1.00000000,0
1503050363,18743793,304.00,0.75836000,0
1503050363,18743792,304.00,1.00000000,1
1503050363,18743791,304.01,1.46000000,1
1503050353,18743786,304.98,2.29031411,0
1503050351,18743784,304.97,0.65580221,0
1503050262,18743736,304.93,0.65591265,0
1503050247,18743729,305.00,6.38862295,0
1503050246,18743728,304.94,4.96000000,0
1503050246,18743727,304.93,4.96000000,0
1503050244,18743725,304.92,0.04772139,0
1503049693,18743261,303.07,0.06501569,0
1503049691,18743254,303.08,0.00001188,0
1503049690,18743251,303.08,0.60097665,0
1503049688,18743246,303.08,0.20901147,1
1503049687,18743245,303.09,1.18000000,1
1503049521,18743124,304.00,1.97029300,1
1503049512,18743105,304.00,0.85812500,1
1503049511,18743102,304.01,0.20158167,1
1503049384,18742908,304.74,0.14106572,1
1503049282,18742754,304.00,0.14187500,1
1503049123,18742614,304.00,0.01893622,1
1503049123,18742611,304.00,0.98106378,1
1503049122,18742610,304.01,0.01890333,1
1503049121,18742604,304.01,0.09209667,1
1503049101,18742556,304.97,0.38180804,0
1503049069,18742537,304.99,0.81150201,0
1503049035,18742516,304.99,0.16151326,0
1503049035,18742514,304.99,1.00000000,0
1503049034,18742513,304.99,1.55848674,1
1503049033,18742509,304.77,1.00000000,0
1503048936,18742453,304.76,1.00000000,0
1503048936,18742452,303.16,0.10000000,1
1503048654,18742303,304.00,1.00000000,1
1503048490,18742180,304.83,0.16363219,0
1503048224,18741895,303.78,1.06738429,0
1503048223,18741890,303.78,0.15694023,0
1503048223,18741887,303.78,0.33912947,0
1503048220,18741886,305.00,0.76101639,1
1503048219,18741885,304.97,2.00000000,0
1503048219,18741884,304.89,1.00000000,0
1503048218,18741881,304.66,0.08439300,1
1503048218,18741880,304.66,1.00000000,0
1503048212,18741874,304.65,0.15139976,0
1503048202,18741866,304.65,0.01637945,0
1503048086,18741806,303.87,0.00173708,1
1503048086,18741805,304.00,1.00000000,1
1503048086,18741804,304.00,0.15748292,1
1503048062,18741768,304.45,1.87486186,0
1503048062,18741767,304.45,0.03332437,0
1503048061,18741761,304.45,0.65323063,0
1503048051,18741733,304.45,0.31344500,0
1503048046,18741710,304.44,1.11631301,0
1503048045,18741706,304.30,1.00000000,0
1503048045,18741702,304.12,0.02368699,0
1503048045,18741696,304.00,0.70191546,0
1503048043,18741692,304.00,0.15748292,0
1503048022,18741679,303.59,0.34866000,0
1503048013,18741672,303.60,0.57435942,0
1503048012,18741670,303.60,0.29566693,0
1503048011,18741666,303.60,0.15433307,0
1503047969,18741630,303.69,1.20083977,1
1503047967,18741628,303.69,0.11300000,0
1503047958,18741619,303.72,2.25297510,0
1503047957,18741617,303.71,0.60000000,0
1503047957,18741614,303.71,3.02000000,0
1503047849,18741540,302.52,1.57482767,1
1503047849,18741539,302.53,0.87407833,1
1503047845,18741538,302.52,0.97171600,1
1503047842,18741537,302.52,0.11300000,1
1503047836,18741531,302.49,0.16270697,0
1503047832,18741523,303.89,1.08276020,0
1503047830,18741519,303.89,0.51814791,0
1503047830,18741518,303.23,0.00000010,0
1503047829,18741513,303.12,0.02368699,1
1503047829,18741511,303.13,0.18348563,1
1503047783,18741481,303.23,11.31724990,0
1503047783,18741480,303.22,0.65958710,0
1503047783,18741479,303.22,3.54000000,0
1503047721,18741431,303.14,2.15000000,1
1503047543,18741195,303.90,0.55547877,0
1503047508,18741169,303.90,0.33978282,0
1503047491,18741153,303.92,0.19047775,0
1503047490,18741151,303.92,2.49295866,0
1503047249,18740996,304.00,0.14060162,0
1503046898,18740713,304.24,1.91243000,1
1503046873,18740690,304.24,0.26557000,1
1503046866,18740683,304.24,1.00000000,0
1503046866,18740682,304.23,0.11200000,0
1503046768,18740594,304.00,0.00000518,0
1503046634,18740530,304.00,0.99999482,0
1503046435,18740390,303.23,1.71872900,1
1503046434,18740389,303.30,0.11200000,1
1503046331,18740324,303.99,1.72603835,0
1503046329,18740320,304.00,3.00234612,1
1503046326,18740315,304.42,2.99819328,1
1503046325,18740313,304.00,0.00002157,0
1503046281,18740287,303.99,0.74999997,0
1503046267,18740282,303.99,0.76999997,0
1503046258,18740278,304.00,2.49665381,0
1503046241,18740258,303.23,1.28127100,1
1503046231,18740246,303.23,1.71872900,1
1503046226,18740239,303.23,1.31005500,1
1503046226,18740238,303.24,1.68994500,1
1503046225,18740237,303.24,1.60005500,1
1503046184,18740183,303.61,0.06200000,0
1503046183,18740182,303.61,0.05000000,1
1503046138,18740130,304.74,0.65299404,0
1503046138,18740127,304.74,0.13086565,0
1503046130,18740109,304.76,3.83222863,0
1503046111,18740094,304.80,0.13537148,0
1503045949,18739886,304.00,0.94414786,1
1503045835,18739712,304.00,1.06653651,1
1503045835,18739711,304.01,0.36663267,1
1503045834,18739710,304.12,0.16325482,1
1503045798,18739695,305.51,0.05989984,0
1503045745,18739661,304.13,0.34883109,1
1503045692,18739585,304.12,0.71226837,1
1503045664,18739533,304.12,1.28773163,1
1503045664,18739530,304.20,0.03778764,1
1503045664,18739528,304.55,0.71230073,1
1503045662,18739517,304.55,0.15769927,1
1503045654,18739486,304.56,6.00103188,1
1503045652,18739483,304.56,1.48896812,1
1503045634,18739450,305.85,0.32581330,1
1503045633,18739447,305.85,0.32614026,0
1503045632,18739445,304.56,0.97267285,1
1503045631,18739441,304.57,0.45007715,1
1503045622,18739417,304.56,0.49235121,1
1503045622,18739416,304.57,0.67469879,1
1503045622,18739415,304.62,1.72000000,1
1503045582,18739367,304.56,0.49999012,1
1503045582,18739366,304.67,0.00000988,1
1503045580,18739361,304.67,0.13694290,0
1503045574,18739352,304.67,1.73600000,1
1503045572,18739349,304.67,1.73300000,1
1503045572,18739346,304.67,0.50000000,1
1503045563,18739323,304.66,3.96900000,1
1503045562,18739321,304.66,1.94800000,1
1503045561,18739317,304.66,2.34196847,1
1503045561,18739315,304.66,0.65718079,1
1503045561,18739313,305.05,0.00085074,1
1503045560,18739307,305.05,0.11114926,1
1503045495,18739253,305.97,1.51596562,0
1503045175,18739091,306.33,0.29118924,0
1503045175,18739090,306.15,1.00000000,0
1503045174,18739089,306.14,1.00000000,0
1503045173,18739088,306.00,0.96738562,0
1503045135,18739051,306.00,0.03261438,0
1503045076,18739025,305.80,1.00000000,1
1503045026,18738984,305.99,1.00000000,1
1503044993,18738855,305.99,1.00000000,0
1503044924,18738810,305.98,0.03028125,0
1503044848,18738743,306.13,5.00000000,0
1503044840,18738735,305.80,1.00000000,1
1503044636,18738617,304.82,0.16000000,1
1503044591,18738574,306.32,0.03314008,0
1503044590,18738573,305.00,2.38624992,0
1503044552,18738537,305.00,4.92453700,0
1503044551,18738535,305.00,6.35153300,0
1503044548,18738533,305.00,0.02537800,0
1503044546,18738532,305.00,0.11587900,0
1503044524,18738521,305.00,0.44640101,1
1503044523,18738520,305.09,0.16210700,0
1503044515,18738519,305.09,1.14083000,0
1503044509,18738516,305.09,7.35267800,0
1503044478,18738500,305.19,1.44715700,0
1503044475,18738498,305.19,0.34464906,0
1503044474,18738497,305.18,0.65535094,0
1503044440,18738470,305.19,1.95896700,0
1503044420,18738454,305.20,7.61139400,0
1503044393,18738380,305.39,0.15902269,0
1503044378,18738344,305.45,1.00000000,1
1503044346,18738331,305.60,0.32640707,0
1503043658,18737786,305.55,4.43983004,0
1503043656,18737785,305.55,0.60442812,0
1503043656,18737784,305.55,0.96900000,1
1503043656,18737783,306.00,7.18522875,1
1503043653,18737779,306.00,25.47000000,1
1503043627,18737753,305.55,0.03100000,1
1503043620,18737730,305.66,1.00000000,1
1503043575,18737651,305.24,23.02456400,0
1503043563,18737639,306.94,0.79891835,0
1503043562,18737637,306.92,1.00000000,0
1503043561,18737634,306.89,0.19121022,1
1503043561,18737633,306.89,1.00000000,0
1503043400,18737457,305.51,1.00000000,1
1503043400,18737456,305.71,0.00003271,1
1503043004,18737078,305.71,0.99996729,1
1503042783,18736926,306.94,0.07473773,0
1503042701,18736886,307.00,0.91465798,1
1503042700,18736885,306.84,1.00000000,0
1503042700,18736884,306.57,0.31000000,0
1503042700,18736883,306.44,1.00000000,0
1503042699,18736882,306.42,0.75266300,0
1503042699,18736881,306.22,1.00000000,0
1503042699,18736880,305.99,0.05368000,1
1503042697,18736878,305.99,0.20800970,0
1503042668,18736863,305.99,0.28344427,0
1503042641,18736847,305.99,0.50854603,0
1503042560,18736810,306.42,0.14629464,0
1503042486,18736774,306.42,0.10093989,0
1503042428,18736732,305.00,0.01673333,1
1503042271,18736501,306.42,0.00010247,1
1503041896,18736296,306.96,0.08124837,0
1503041535,18736104,306.42,0.16989753,1
1503041490,18736097,304.60,0.04957400,1
1503041467,18736087,306.99,0.01700000,0
1503041457,18736080,306.99,0.01628700,0
1503041387,18735978,307.00,0.01628700,0
1503041270,18735917,307.00,20.82218241,0
1503041218,18735845,307.00,19.51469055,0
1503041146,18735813,307.00,0.00006103,1
1503041145,18735812,307.00,2.96249597,1
1503041144,18735811,307.00,0.03744300,0
1503040912,18735657,307.50,16.75414634,1
1503040912,18735656,306.92,1.13000000,1
1503040912,18735655,306.54,12.54600000,0
1503040911,18735654,306.53,2.00000000,1
1503040911,18735653,305.12,0.02360910,0
1503040909,18735651,304.12,0.06639090,0
1503040882,18735630,304.12,0.02360910,1
1503040879,18735627,307.50,0.34044404,1
1503040879,18735626,307.50,9.24843400,1
1503040879,18735624,307.30,0.50000000,0
1503040878,18735622,307.10,0.50000000,0
1503040878,18735621,307.10,0.20000000,1
1503040878,18735620,307.10,0.80000000,1
1503040878,18735617,307.00,1.00000000,0
1503040877,18735616,306.90,0.50000000,0
1503040877,18735615,306.90,0.19993471,1
1503040877,18735613,306.70,0.50000000,0
1503040877,18735612,306.55,0.31000000,0
1503040876,18735610,306.50,0.07957952,0
1503040876,18735609,306.50,0.42042048,0
1503040876,18735608,306.33,1.67133994,0
1503040876,18735607,306.30,0.05000000,0
1503040875,18735606,306.30,0.09903600,0
1503040875,18735605,306.30,0.35096400,0
1503040875,18735604,306.10,0.50000000,0
1503040875,18735603,306.00,5.00000000,0
1503040874,18735600,305.90,0.04437761,0
1503040874,18735599,305.90,0.27267439,0
1503040874,18735598,305.90,0.10648200,0
1503040874,18735597,305.90,0.05215900,0
1503040874,18735596,305.90,0.02430700,0
1503040872,18735595,305.71,9.80527298,0
1503040823,18735570,305.71,0.19472702,0
1503040823,18735569,305.70,0.50000000,0
1503040823,18735568,305.69,30.67526500,1
1503040822,18735567,305.68,0.67075069,0
1503040822,18735566,305.50,0.10000000,0
1503040822,18735565,305.50,0.49999967,0
1503040821,18735564,305.12,0.00000334,0
1503040821,18735563,305.12,0.02354000,0
1503040791,18735537,305.00,1.00000000,0
1503040791,18735536,305.00,0.10000000,0
1503040785,18735525,304.94,0.15000000,0
1503040735,18735494,304.99,0.74661464,0
1503040680,18735458,304.54,0.17462265,0
1503040679,18735455,304.55,0.17462265,0
1503040678,18735452,304.56,0.17462265,0
1503040676,18735450,304.57,0.17462265,0
1503040675,18735447,304.58,0.17462265,0
1503040674,18735446,304.59,0.17460578,0
1503040673,18735443,304.60,0.17462265,0
1503040671,18735441,304.61,0.17462265,0
1503040669,18735436,304.62,0.17462265,0
1503040616,18735401,304.40,2.04556140,0
1503040526,18735336,304.50,0.35235400,0
1503040503,18735321,304.10,2.01005685,0
1503040203,18735113,303.00,1.00000000,1
1503039793,18734878,302.91,0.79089000,1
1503039793,18734877,303.40,0.22500000,1
1503039718,18734843,304.15,6.84366266,0
1503039714,18734832,304.15,0.30000000,0
1503039714,18734830,304.15,0.97751841,0
1503039713,18734829,304.15,0.30000000,0
1503039329,18734698,303.40,1.00000000,1
1503039328,18734697,303.42,0.95005685,1
1503039328,18734696,303.42,1.00000000,1
1503039215,18734637,303.42,0.06000000,1
1503038917,18734504,304.72,0.08216824,1
1503038889,18734491,304.72,1.16783176,0
1503038664,18734332,304.72,0.83367796,0
1503038663,18734331,304.72,0.16632204,0
1503038372,18734217,303.40,1.00150972,1
1503038371,18734216,303.40,1.00000000,1
1503037961,18733857,303.69,0.67075069,0
1503037785,18733773,303.69,2.49946896,0
1503037758,18733755,303.69,0.19231509,0
1503037757,18733752,303.69,0.19231509,0
1503037755,18733745,303.69,0.19231506,0
1503037729,18733720,304.39,2.00000000,0
1503036681,18733258,305.05,0.05231929,0
1503036559,18733198,305.06,0.99754147,0
1503036358,18733134,305.07,0.09807585,0
1503036191,18733013,304.47,1.99018029,0
1503036165,18732999,304.23,0.18406000,0
1503035693,18732915,304.35,0.33625760,0
1503035537,18732848,304.37,0.02719000,1
1503035275,18732690,304.71,0.16369663,0
1503035082,18732644,304.27,0.78026095,0
1503034905,18732600,304.24,2.96000000,0
1503034836,18732540,304.24,0.59272285,0
1503034780,18732532,304.34,0.49914569,0
1503034681,18732513,304.32,1.00000000,0
1503034516,18732480,304.91,0.01636548,0
1503034466,18732456,305.10,0.33870862,1
1503034466,18732452,305.09,0.65554427,0
1503034465,18732447,303.00,0.10227967,0
1503034408,18732428,303.00,0.17942000,0
1503034173,18732312,303.00,0.03830000,1
1503034172,18732311,303.15,0.00000033,1
1503034071,18732267,303.15,6.13862000,1
1503034058,18732260,303.15,1.56919000,1
1503033931,18732223,303.15,1.20000000,1
1503033888,18732217,304.77,0.32565541,1
1503033888,18732216,304.12,0.00000101,0
1503033887,18732215,304.12,0.02362000,0
1503033887,18732214,304.10,1.20000000,1
1503033885,18732210,303.50,0.05000000,0
1503033851,18732201,303.15,1.09218967,1
1503033851,18732200,303.16,0.32202333,1
1503033837,18732196,303.16,0.33768600,1
1503033572,18732041,301.94,39.13380852,1
1503033571,18732040,301.94,0.46619148,1
1503033526,18731981,303.15,6.70712190,1
1503033526,18731980,303.15,0.99747978,0
1503033447,18731908,303.10,5.60190683,0
1503033446,18731903,303.11,3.51786852,0
1503033446,18731901,303.00,0.46619148,0
1503033440,18731891,302.74,6.65728500,1
1503033439,18731889,302.74,0.06362000,0
1503033386,18731823,302.56,1.42047858,0
1503033380,18731810,302.48,1.91442559,1
1503033342,18731769,302.81,0.16000000,0
1503033341,18731768,301.67,0.90118341,1
1503033282,18731701,301.66,0.66300266,0
1503033267,18731675,301.67,1.44274000,0
1503033263,18731667,301.67,0.11682755,0
1503033263,18731666,301.66,0.66299808,0
1503033143,18731616,301.73,0.03352076,0
1503033091,18731608,301.97,0.18921100,0
1503033078,18731605,302.03,0.03362650,0
1503033039,18731591,302.33,0.07126312,0
1503032868,18731551,301.66,0.17172300,0
1503032769,18731507,301.76,0.18520788,0
1503032294,18731057,303.12,0.75359594,0
1503031740,18730821,302.60,0.23942266,0
1503031699,18730816,302.17,4.40205875,1
1503031699,18730813,302.17,1.99999500,1
1503031698,18730809,302.17,8.70288300,1
1503031695,18730804,302.17,5.28069200,1
1503031690,18730796,302.17,15.10493700,1
1503031678,18730789,302.17,0.77370600,1
1503031555,18730750,302.83,1.00000000,0
1503031532,18730748,302.17,0.62345697,1
1503031455,18730708,302.17,3.92972100,1
1503031425,18730681,302.17,2.47344000,1
1503031423,18730680,302.17,43.61370700,1
1503031422,18730679,302.18,8.90000000,1
1503031415,18730676,302.17,11.33341500,1
1503031342,18730641,302.18,1.52799030,1
1503031342,18730640,302.19,0.47200970,1
1503031309,18730622,302.19,0.18754200,1
1503030637,18730345,299.69,0.08932769,1
1503030634,18730334,303.13,10.24063774,1
1503030634,18730333,303.13,1.65740100,1
1503030634,18730331,303.13,1.77449500,1
1503030634,18730327,303.13,9.16135000,1
1503030633,18730326,303.13,9.44602967,1
1503030632,18730325,303.12,27.00300000,0
1503030632,18730324,303.12,0.65980470,0
1503030632,18730323,303.12,0.00000020,0
1503030632,18730322,303.12,0.02369899,0
1503030631,18730321,301.51,0.03358270,0
1503029480,18729798,299.50,0.49999967,1
1503029480,18729797,299.77,0.50000000,1
1503029480,18729796,300.00,0.01673333,1
1503029473,18729795,300.03,0.02371314,1
1503029208,18729670,301.48,0.02130000,0
1503028966,18729602,299.77,0.05384338,1
1503028964,18729601,299.80,0.36883660,1
1503028942,18729588,299.80,2.93714048,1
1503028934,18729579,299.80,0.14690210,1
1503028934,18729578,299.80,0.66247957,0
1503028933,18729575,299.93,1.20000000,1
1503028923,18729566,299.88,1.72384080,0
1503028923,18729565,299.88,1.20000000,1
1503028912,18729560,299.80,1.72376504,1
1503028912,18729559,299.88,1.20000000,1
1503028903,18729553,299.80,2.88635578,1
1503028894,18729547,299.74,2.76403129,0
1503028892,18729546,300.75,0.03358270,1
1503028885,18729540,302.53,0.90660197,0
1503028878,18729534,302.56,1.00566326,0
1503028874,18729528,302.59,1.06723211,0
1503028868,18729516,303.02,0.00010214,1
1503028868,18729514,303.02,0.88967725,1
1503028867,18729513,303.02,0.02287203,0
1503028861,18729507,303.02,0.91885087,0
1503028859,18729505,303.02,0.25827710,0
1503028856,18729503,299.52,0.43765231,1
1503028856,18729502,300.26,0.23274600,1
1503028855,18729501,300.53,0.41013100,1
1503028851,18729496,303.07,0.08328602,0
1503028851,18729495,302.12,0.02377790,0
1503028851,18729493,301.52,0.03348184,0
1503028849,18729491,301.12,0.02385712,0
1503028846,18729482,299.52,0.64389738,1
1503028844,18729477,299.53,0.40166260,1
1503028835,18729470,299.52,0.31634997,1
1503028835,18729469,299.70,0.50000000,1
1503028835,18729468,299.84,0.16632204,1
1503028833,18729463,299.90,0.04437761,1
1503028775,18729416,299.90,0.27267439,1
1503028775,18729413,299.90,0.10648200,1
1503028775,18729410,299.90,0.05215900,1
1503028775,18729407,299.90,0.02430700,1
1503028774,18729393,300.00,0.56750791,1
1503028764,18729372,300.08,1.00501772,1
1503028745,18729356,300.04,0.94936077,1
1503028724,18729348,300.00,0.43249209,1
1503028724,18729347,300.00,0.50000000,1
1503028715,18729335,300.01,1.01485356,1
1503028707,18729316,300.01,0.45410540,1
1503028705,18729315,300.10,0.50000000,1
1503028695,18729307,300.13,0.76832298,0
1503028695,18729305,300.13,0.23294025,1
1503028685,18729292,300.13,0.96705975,1
1503028676,18729288,300.34,0.16585306,0
1503028676,18729287,300.34,0.76489743,1
1503028668,18729278,300.10,0.43510257,0
1503028667,18729277,300.12,0.02385712,1
1503028667,18729276,300.30,0.05000000,1
1503028667,18729275,300.30,0.09903600,1
1503028667,18729274,300.30,0.35096400,1
1503028667,18729273,300.32,0.67192025,1
1503028665,18729272,300.50,0.07957952,1
1503028657,18729266,300.50,0.42042048,1
1503028657,18729265,300.70,0.50000000,1
1503028657,18729262,300.76,0.03348184,1
1503028655,18729260,301.01,0.10277317,1
1503028651,18729247,301.01,0.36341831,1
1503028651,18729246,301.12,0.02377790,1
1503028650,18729244,302.12,0.00000020,1
1503028647,18729239,302.12,0.02369899,1
1503028646,18729238,303.12,0.00000101,1
1503028646,18729237,303.15,0.02088000,1
1503028619,18729231,303.15,0.02913000,1
1503028406,18729103,303.12,0.02362000,1
1503028306,18729087,304.12,0.00000334,1
1503028144,18729070,304.79,0.07183404,0
1503028142,18729068,304.81,0.13981123,0
1503028140,18729066,304.81,0.28299865,0
1503028136,18729057,304.12,0.02354000,1
1503028116,18729030,306.33,2.18101348,0
1503028116,18729029,306.33,0.10380553,0
1503028116,18729028,306.33,0.88491400,0
1503028116,18729027,305.01,0.25508600,0
1503028115,18729022,306.90,0.99380905,1
1503028115,18729021,306.90,0.74467253,1
1503028114,18729020,306.79,0.04999000,0
1503028114,18729019,306.70,0.50000000,0
1503028114,18729018,306.70,0.65662657,1
1503028114,18729017,306.70,4.03845000,1
1503028113,18729015,306.59,0.03286246,0
1503028113,18729012,306.50,0.50000000,0
1503028113,18729009,306.50,1.20000000,1
1503028113,18729007,306.50,3.19521100,1
1503028112,18729005,306.50,4.40232900,1
1503028112,18729001,306.49,48.84435840,0
1503028112,18729000,306.33,0.12500000,0
1503028112,18728998,306.33,8.72312970,1
1503028111,18728995,306.30,0.35096400,0
1503028111,18728994,306.30,0.09903600,0
1503028111,18728993,306.30,0.05000000,0
1503028111,18728992,306.30,50.00000000,0
1503028111,18728990,306.12,0.02518867,0
1503028110,18728989,306.12,0.02522177,0
1503028110,18728988,306.12,0.02144843,0
1503028110,18728985,306.12,0.03196107,0
1503028110,18728982,306.12,0.01828226,0
1503028110,18728976,306.10,0.50000000,0
1503028109,18728972,306.00,1.00000000,0
1503028109,18728970,306.00,1.00000000,0
1503028109,18728967,305.90,0.02430700,0
1503028109,18728965,305.90,0.05215900,0
1503028108,18728964,305.90,0.10648200,0
1503028108,18728963,305.90,0.31705200,0
1503028108,18728960,305.70,0.50000000,0
1503028108,18728959,305.70,3.74300000,1
1503028108,18728957,305.55,50.00000000,0
1503028108,18728956,305.55,7.72361163,1
1503028107,18728955,305.55,10.04200000,1
1503028107,18728954,305.52,0.05000000,0
1503028107,18728952,305.52,0.66168200,1
1503028107,18728951,305.52,40.66161200,1
1503028107,18728949,305.50,0.50000000,0
1503028106,18728948,305.50,1.00032798,1
1503028106,18728946,305.30,0.19269000,0
1503028106,18728945,305.30,0.30731000,0
1503028106,18728943,305.10,0.50000000,0
1503028105,18728941,305.03,0.01828226,0
1503028105,18728940,305.03,17.19699500,1
1503028105,18728937,305.01,10.42000000,1
1503028105,18728936,305.00,2.75846459,0
1503028105,18728935,305.00,16.10000046,0
1503028105,18728934,305.00,0.42400192,0
1503028105,18728933,305.00,1.00000000,0
1503028104,18728932,305.00,9.30307583,1
1503028104,18728931,304.90,0.50000000,0
1503028104,18728930,304.90,0.50000000,0
1503028104,18728929,304.70,0.50000000,0
1503028104,18728928,304.69,1.63280559,0
1503028103,18728927,304.66,0.08205048,0
1503028103,18728926,304.66,0.29000000,1
1503028103,18728925,304.66,6.00000000,1
1503028103,18728924,302.28,1.20000000,0
1503028102,18728923,302.13,2.65000100,1
1503028102,18728922,302.14,3.27000000,1
1503028101,18728921,302.13,13.05200000,1
1503028101,18728920,302.13,0.32000000,0
1503027092,18728677,299.85,6.95114943,1
1503027011,18728646,299.86,1.20000000,0
1503027010,18728644,299.85,6.28582800,1
1503027010,18728643,299.94,1.20000000,1
1503027009,18728642,299.86,3.52088400,1
1503027009,18728641,299.86,3.63543002,1
1503027009,18728640,299.89,0.32951398,1
1503027008,18728639,299.92,1.20000000,1
1503026875,18728579,301.00,2.65142857,0
1503026791,18728549,299.87,0.20004700,1
1503026372,18728352,304.15,0.84604694,0
1503026372,18728350,304.13,0.20000000,0
1503026372,18728349,304.13,1.84815000,0
1503026371,18728342,304.17,1.84791399,0
1503026370,18728340,304.13,9.28071322,1
1503026369,18728339,304.13,13.57100000,0
1503026312,18728330,304.15,0.26876600,0
1503026092,18728277,304.64,0.13950893,0
1503026073,18728270,304.64,58.26293330,0
1503026025,18728245,304.68,34.89403840,0
1503026025,18728243,304.68,73.94200000,0
1503026024,18728242,304.68,12.46200000,1
1503026024,18728240,304.68,11.54500000,1
1503026024,18728239,304.68,4.91497000,1
1503026023,18728233,304.66,9.22969869,1
1503026022,18728232,304.66,0.35524939,0
1503025976,18728211,304.66,45.83827874,0
1503025962,18728198,304.66,1.09029738,0
1503025958,18728192,304.66,1.09357973,0
1503025955,18728189,304.66,1.09029738,0
1503025950,18728187,304.66,1.09029738,0
1503025404,18727914,304.69,1.09347205,0
1503025400,18727913,304.68,1.09022581,0
1503025396,18727912,304.69,1.09019003,0
1503025387,18727908,304.69,1.09347205,0
1503025386,18727906,300.05,0.26830238,1
1503025384,18727904,304.69,1.09019003,0
1503025381,18727902,304.68,0.03414000,1
1503025380,18727901,304.68,1.05608088,0
1503025344,18727895,304.68,1.09350794,0
1503025341,18727892,304.68,1.09022581,0
1503025337,18727886,304.68,1.09022581,0
1503025325,18727879,304.68,1.09350794,0
1503025322,18727869,304.68,1.09022581,0
1503025318,18727865,304.68,1.09022581,0
1503025281,18727851,304.68,1.09350794,0
1503025277,18727847,304.68,1.09022581,0
1503025273,18727845,304.68,1.09022581,0
1503025269,18727844,304.68,1.09350794,0
1503025266,18727842,304.68,1.09022581,0
1503025261,18727841,304.68,1.09022581,0
1503025235,18727827,304.68,1.09350794,0
1503025232,18727826,304.68,1.09022581,0
1503025227,18727824,304.68,1.09022581,0
1503025182,18727820,304.69,1.09347205,0
1503025179,18727816,304.69,1.09019003,0
1503025174,18727813,304.69,1.09019003,0
1503025140,18727800,304.69,0.37437160,0
1503025133,18727796,302.67,0.76161982,1
1503025132,18727795,302.67,0.33915000,0
1503025120,18727791,299.76,0.13662354,1
1503025115,18727784,302.67,0.81732580,1
1503025114,18727780,302.67,0.28014009,0
1503025102,18727772,302.69,1.09739337,0
1503025058,18727758,303.06,1.09935326,0
1503025024,18727747,304.58,26.77911407,0
1503025024,18727746,303.32,72.02088593,0
1503025024,18727745,303.30,1.20000000,0
1503025022,18727744,303.32,1.09511407,0
1503025004,18727741,303.45,1.09464492,0
1503024983,18727728,304.58,3.48194576,0
1503024983,18727727,304.55,0.00004512,0
1503024983,18727726,304.55,0.29920488,0
1503024983,18727725,304.55,0.00075000,0
1503024983,18727724,304.50,0.50000000,0
