date,tid,price,amount,type
1503082357,18776417,38.11,0.00000200,1
1503082357,18776416,38.16,0.15000000,1
1503082357,18776415,38.20,6.44772800,1
1503082344,18776399,38.20,2.10454400,1
1503082340,18776393,38.20,4.41649300,1
1503082339,18776392,38.20,2.03123500,1
1503082269,18776278,38.21,0.15000000,1
1503082268,18776277,38.21,7.48711574,1
1503082250,18776262,38.21,0.47484700,1
1503082250,18776259,38.21,5.74335000,1
1503082157,18776181,38.29,55.31300000,1
1503082146,18776164,38.28,31.66953500,1
1503082145,18776159,38.28,2.59844000,1
1503081686,18775848,38.26,54.65861225,0
1503081686,18775846,38.26,0.15000000,1
1503081686,18775844,38.31,0.15000000,1
1503081685,18775843,38.36,0.15000000,1
1503081685,18775842,38.41,0.15000000,1
1503081684,18775838,38.45,0.26769102,1
1503081670,18775815,38.46,0.15000000,1
1503081651,18775801,38.51,0.15000000,1
1503081225,18775508,38.60,9.79299000,1
1503081225,18775506,38.60,1.41488300,1
1503081222,18775503,38.60,1.41488300,1
1503081222,18775502,38.60,1.26642000,1
1503081149,18775475,38.57,3.65814000,1
1503081092,18775457,38.55,2.92514000,1
1503081081,18775452,38.64,1.81074915,0
1503081081,18775451,38.63,0.18925085,0
1503081064,18775437,38.74,19.95534331,0
1503080930,18775344,38.77,10.85610910,0
1503080929,18775343,38.77,17.24500000,1
1503080929,18775342,38.60,3.67000000,0
1503080929,18775341,38.59,0.57348743,0
1503080928,18775338,38.58,1.85640229,1
1503080927,18775336,38.58,1.85640229,0
1503080812,18775290,38.53,0.00003057,1
1503080810,18775286,38.53,19.48694343,1
1503080806,18775280,38.53,5.01302600,1
1503080785,18775262,38.52,25.76000000,1
1503080720,18775231,38.52,1.21181000,1
1503080644,18775190,38.51,0.15000000,1
1503080236,18774891,38.55,21.85434982,1
1503080234,18774888,38.55,19.13000000,1
1503080234,18774887,38.55,8.38456600,1
1503080228,18774876,38.71,2.67059218,0
1503080171,18774825,38.52,2.32362000,1
1503080072,18774726,38.47,6.00000000,1
1503080006,18774672,38.52,0.25000000,0
1503079993,18774653,38.53,4.50000000,0
1503079979,18774630,38.53,0.50000000,0
1503079969,18774619,38.45,1.38230898,1
1503079969,18774616,38.46,0.15000000,1
1503079969,18774613,38.51,0.11780000,1
1503079893,18774456,38.55,2.25000000,0
1503079849,18774345,38.54,13.09530000,1
1503079812,18774320,38.51,0.03220000,1
1503079811,18774319,38.52,21.45000000,1
1503079744,18774276,38.52,2.43065540,0
1503079607,18774111,38.50,55.51762898,1
1503079607,18774110,38.50,7.11169600,1
1503079607,18774109,38.50,11.80500000,1
1503079607,18774108,38.50,0.13000000,1
1503079607,18774107,38.50,6.77962298,1
1503079607,18774106,38.50,0.97368102,1
1503079607,18774105,38.50,1.52325633,1
1503079606,18774103,38.50,0.72343967,1
1503079606,18774101,38.51,0.15000000,1
1503079606,18774097,38.52,0.15000000,1
1503079605,18774092,38.52,49.85000000,1
1503079605,18774088,38.56,0.15000000,1
1503079405,18773705,38.64,8.49999975,1
1503078663,18773129,38.65,10.00000000,1
1503078647,18773110,38.69,7.93340300,1
1503078646,18773109,38.69,6.57064800,1
1503078633,18773093,38.75,10.03948387,0
1503078434,18772576,38.83,1.25403000,1
1503078311,18772491,38.65,0.13274807,0
1503078302,18772470,38.72,13.37333944,1
1503078210,18772358,38.96,13.62243300,1
1503078196,18772332,38.96,8.42043121,0
1503078178,18772293,38.93,69.33204000,1
1503078178,18772292,38.93,1.21796000,1
1503077993,18772171,39.19,0.84445241,0
1503077854,18771968,38.90,0.00000472,1
1503077732,18771694,38.90,1.96350000,1
1503077702,18771566,38.90,40.00000000,1
1503077702,18771565,38.90,7.48392828,1
1503077702,18771563,38.95,0.00004972,1
1503077578,18771364,38.95,1.52425028,1
1503077578,18771363,38.95,1.52430000,1
1503077577,18771361,38.95,1.52430000,1
1503077577,18771355,38.95,1.52430000,1
1503077577,18771352,38.95,1.52430000,1
1503077577,18771349,38.95,1.52129658,1
1503077487,18771015,39.08,59.99995625,1
1503077478,18770920,39.08,19.99999975,1
1503077395,18770751,38.95,0.00300000,1
1503077395,18770750,39.00,2.00000000,1
1503077344,18770579,39.06,39.79999975,1
1503077344,18770578,39.06,0.20000000,1
1503077334,18770524,39.05,20.66488196,1
1503077324,18770477,39.05,3.13634100,1
1503077324,18770476,39.05,13.44698800,1
1503077324,18770473,39.05,31.03123600,1
1503077323,18770465,39.05,4.63519300,1
1503077090,18770093,39.11,14.16588804,1
1503077090,18770092,39.12,0.93000000,1
1503077084,18770085,39.12,9.18765339,1
1503076983,18769955,39.22,7.19000000,0
1503076983,18769954,39.21,2.97000000,0
1503076983,18769953,39.21,14.84000000,0
1503076852,18769875,39.25,25.00000000,0
1503076774,18769836,39.23,0.50000000,0
1503076708,18769769,39.10,1.03580000,1
1503076400,18769409,39.28,0.00000025,1
1503076397,18769396,39.29,0.13377059,0
1503076245,18769290,39.28,1.99999975,1
1503075857,18768941,39.37,0.00076200,1
1503075856,18768940,39.26,3.65919511,1
1503075855,18768939,39.26,0.40536542,0
1503075563,18768698,39.31,2.53752226,0
1503075327,18768459,39.30,23.86997431,1
1503075325,18768454,39.30,15.12717202,1
1503075314,18768451,39.29,3.74847000,1
1503075310,18768447,39.39,3.10464205,1
1503075308,18768445,39.39,1.96000000,0
1503075277,18768422,39.26,1.18154000,1
1503075258,18768408,39.25,0.80300000,0
1503075166,18768296,39.20,15.00000000,0
1503075043,18768204,39.13,1.04907113,1
1503075043,18768203,39.14,2.58073903,1
1503075043,18768201,39.14,1.03926097,1
1503075030,18768169,39.13,2.27763616,0
1503075030,18768168,39.12,3.72236384,0
1503075023,18768145,39.00,34.46114000,0
1503075020,18768143,38.98,16.50128104,1
1503075020,18768142,38.98,2.41711301,1
1503075020,18768141,38.98,2.13160595,1
1503075016,18768133,38.99,4.79558861,0
1503075013,18768122,38.99,49.79914300,0
1503074760,18767851,38.94,0.00000342,0
1503074759,18767850,38.94,1.52430000,0
1503074736,18767818,38.94,0.67629212,1
1503074427,18767502,38.91,18.77075302,1
1503074372,18767456,39.10,0.46073856,0
1503074372,18767455,39.10,2.32046376,0
1503074372,18767454,39.10,2.32161098,0
1503074137,18767113,39.09,2.99730000,0
1503074110,18767068,38.96,1.00000000,1
1503073937,18766844,38.96,12.72369512,1
1503073923,18766816,39.10,2.31855555,1
1503073919,18766801,39.10,26.33340315,1
1503073919,18766799,39.12,0.00013420,1
1503073918,18766797,39.12,11.04186580,1
1503073816,18766599,39.03,1.00000000,1
1503073572,18766355,39.21,14.88727340,1
1503073401,18766197,39.11,24.58987446,1
1503073046,18765855,39.38,0.12671407,0
1503073038,18765834,39.08,1.13803000,1
1503073037,18765832,39.08,1.13803000,1
1503072919,18765666,38.98,5.00000000,1
1503072892,18765649,38.96,4.72310000,1
1503072890,18765646,38.96,16.17219000,1
1503072764,18765504,39.19,1.01811687,0
1503072418,18765001,39.08,2.24963531,1
1503072418,18765000,39.08,34.67103998,1
1503072411,18764977,39.08,82.91624975,1
1503072407,18764969,39.07,3.82271027,0
1503072406,18764967,39.07,52.06000000,0
1503072404,18764960,39.07,3.82288176,1
1503072404,18764959,39.07,9.62732762,1
1503072197,18764498,39.35,2.00984848,0
1503072196,18764497,39.34,0.25000000,0
1503072173,18764430,38.93,0.25548285,1
1503072173,18764422,38.92,0.25548285,1
1503072172,18764420,38.92,0.25548285,1
1503072172,18764417,38.92,0.25548285,1
1503072171,18764413,38.92,0.25548285,1
1503072171,18764410,38.92,0.25548285,0
1503072171,18764407,38.92,0.25548285,0
1503072170,18764404,38.92,0.25548285,0
1503072169,18764393,38.88,0.25548285,1
1503072168,18764387,38.88,0.25548285,1
1503072168,18764385,38.88,0.25548285,1
1503072168,18764382,38.88,0.25548285,1
1503072167,18764376,39.62,26.32918665,1
1503072167,18764374,39.62,5.98761800,1
1503072167,18764371,39.62,28.13872500,1
1503072167,18764368,39.62,26.52839600,1
1503072167,18764367,39.62,38.21214000,1
1503072166,18764362,39.62,0.25548285,1
1503072165,18764355,39.62,10.66452334,1
1503072165,18764353,39.62,31.74935100,1
1503072165,18764350,39.62,177.70000000,1
1503072164,18764347,39.62,52.70294700,1
1503072164,18764345,39.62,12.84478800,1
1503072164,18764343,39.62,7.26494300,1
1503072164,18764342,39.62,0.97722530,1
1503072163,18764330,39.62,7.43298400,1
1503072163,18764327,39.62,14.83809200,1
1503072163,18764325,39.62,10.83160400,1
1503072162,18764320,39.62,1.09615000,1
1503072162,18764317,39.62,76.35043110,1
1503072162,18764316,39.62,9.42509332,1
1503072161,18764312,39.62,0.92610226,1
1503072161,18764310,39.62,30.00000000,1
1503072161,18764309,39.62,20.00000000,1
1503072160,18764308,39.62,20.00000000,0
1503072160,18764307,39.61,20.00000000,0
1503072160,18764306,39.42,2.09000000,0
1503072160,18764305,39.41,323.13000000,0
1503072160,18764304,39.34,0.30115643,0
1503072160,18764303,39.34,0.28761343,0
1503072160,18764302,39.29,0.83126063,0
1503072160,18764301,39.29,0.83126063,0
1503072159,18764300,39.28,6.60647434,0
1503072159,18764299,39.27,5.06278483,0
1503072159,18764298,39.27,5.06278483,0
1503072159,18764297,39.27,5.06278483,0
1503072159,18764296,39.17,3.62000000,0
1503072159,18764295,39.17,18.11000000,0
1503072158,18764294,39.16,6.32000000,0
1503072158,18764292,39.11,0.00003060,0
1503072143,18764285,39.11,2.80334425,1
1503072098,18764215,39.11,3.82963000,1
1503071909,18764021,39.11,39.45003400,1
1503071893,18764009,39.11,4.99999975,1
1503071860,18763983,39.13,4.12533837,1
1503071852,18763973,39.13,0.27981598,0
1503071852,18763972,39.13,0.27981598,0
1503071834,18763955,39.13,15.27100300,1
1503071206,18763549,39.14,1.68288750,1
1503071205,18763548,39.13,1.68498750,1
1503070697,18763146,39.05,3.71172000,1
1503070662,18763114,39.16,6.96538000,1
1503070165,18762718,38.98,1.00000000,0
1503070139,18762707,39.00,1.92000000,1
1503070138,18762704,38.99,1.91921006,1
1503070137,18762703,38.97,9.33000000,0
1503070129,18762698,38.98,0.01778637,0
1503070129,18762697,38.97,11.08000000,0
1503070129,18762695,38.97,0.15221363,0
1503070103,18762680,38.98,0.00010543,1
1503070102,18762676,38.98,9.32989457,1
1503070100,18762675,38.95,11.67000000,0
1503070092,18762663,38.96,4.38000000,0
1503070092,18762662,38.95,13.87000000,0
1503070083,18762652,38.96,0.50000000,0
1503070074,18762648,38.96,0.25000000,0
1503070065,18762606,38.98,4.78874658,0
1503070065,18762605,38.97,0.46125342,0
1503070049,18762588,39.00,0.68410256,0
1503070047,18762587,38.99,0.33908118,0
1503069847,18762492,39.10,0.30311542,0
1503069833,18762473,39.16,2.50390868,0
1503069833,18762472,39.16,50.00000000,0
1503069833,18762471,39.11,15.00000000,0
1503069833,18762470,39.10,0.50609132,0
1503069827,18762443,38.85,0.25609761,1
1503069827,18762441,38.85,0.25609761,1
1503069827,18762439,38.85,0.25609761,1
1503069826,18762436,38.85,0.25609761,1
1503069826,18762434,38.85,0.25609761,1
1503069826,18762431,38.85,0.25609761,1
1503069826,18762426,38.85,0.25609761,1
1503069826,18762422,38.85,0.25609761,1
1503069825,18762419,38.85,0.25609761,1
1503069825,18762417,38.85,0.25609761,1
1503069825,18762414,38.85,0.25609761,1
1503069825,18762411,38.85,0.25609761,1
1503069825,18762410,38.85,0.25609761,1
1503069824,18762409,38.85,0.25609761,1
1503069824,18762408,38.85,0.25609761,1
1503069823,18762404,38.85,0.25609761,1
1503069823,18762403,38.85,0.25609761,1
1503069823,18762401,38.85,0.25609761,1
1503069821,18762390,38.85,0.25609761,1
1503069821,18762389,38.85,0.25609761,1
1503069821,18762388,39.27,35.26802480,1
1503069821,18762387,39.27,0.25615400,1
1503069820,18762386,39.27,0.25615400,1
1503069820,18762385,39.27,0.99901935,1
1503069820,18762383,39.27,12.00000000,1
1503069820,18762381,39.27,0.25615400,1
1503069820,18762379,39.27,0.25615400,1
1503069820,18762374,39.27,14.40975700,1
1503069820,18762373,39.27,10.32060400,1
1503069819,18762371,39.27,2.00000000,1
1503069819,18762370,39.27,50.00000000,1
1503069819,18762367,39.27,50.00000000,1
1503069819,18762365,39.27,50.00000000,1
1503069819,18762364,39.27,50.00000000,1
1503069819,18762362,39.27,50.00000000,1
1503069817,18762355,39.27,0.25615400,1
1503069817,18762352,39.27,0.25615400,1
1503069816,18762350,39.27,0.25615400,1
1503069816,18762349,39.27,0.25615400,1
1503069816,18762345,39.27,0.25615400,1
1503069816,18762344,39.27,50.00000000,1
1503069816,18762340,39.27,50.00000000,1
1503069814,18762332,39.27,68.21643000,1
1503069814,18762329,39.27,109.25122000,1
1503069813,18762325,39.27,68.05805959,1
1503069812,18762324,39.27,15.00000000,1
1503069812,18762322,39.13,3.13000000,0
1503069811,18762321,39.12,65.41000000,0
1503069811,18762320,39.12,5.03529366,0
1503069811,18762319,39.03,0.75536017,0
1503069796,18762314,39.07,1.27668288,0
1503069776,18762296,39.03,1.24990085,1
1503069768,18762276,39.03,0.49987233,1
1503069767,18762271,39.01,0.00012767,0
1503069673,18762018,38.99,2.55824892,1
1503069672,18762016,39.00,0.00004320,1
1503069557,18761915,39.00,3.05205103,1
1503069557,18761914,39.00,4.00000000,1
1503069557,18761913,39.01,9.50000025,1
1503069534,18761894,39.01,0.50000000,1
1503069514,18761880,39.01,4.99999975,1
1503069484,18761847,39.10,1.02046036,0
1503069086,18761505,39.01,22.13589524,1
1503069013,18761368,39.01,42.58736300,1
1503068956,18761310,39.19,1.01811687,0
1503068840,18761233,39.01,43.45002400,1
1503068809,18761189,39.01,28.13780100,1
1503068809,18761188,39.02,15.00000000,1
1503068720,18761132,39.15,6.66759000,1
1503068361,18760762,39.15,3.33241000,1
1503068013,18760430,39.25,4.14802966,1
1503068013,18760428,39.29,0.83184270,1
1503067795,18760186,39.31,0.59270636,1
1503067697,18760077,39.33,0.25375032,0
1503067671,18760067,39.32,14.93921669,1
1503067487,18759893,39.29,2.76207000,1
1503067453,18759872,39.29,2.79613500,1
1503067402,18759839,39.29,17.31000230,1
1503067389,18759821,39.29,1.29995000,1
1503067331,18759788,39.20,6.29045500,0
1503067327,18759780,39.20,43.70954500,1
1503067309,18759763,39.28,14.75000000,0
1503067300,18759756,39.28,1.00000000,0
1503066996,18759312,39.15,0.00000028,1
1503066995,18759305,39.15,18.73371900,1
1503066991,18759290,39.17,15.00000000,1
1503066949,18759204,39.34,0.00012112,0
1503066948,18759203,39.33,1.40281363,1
1503066948,18759200,39.33,0.16787811,0
1503066947,18759199,39.33,1.42918714,0
1503066745,18758853,39.17,14.99999975,1
1503066699,18758758,39.15,10.74835479,1
1503066420,18758263,39.33,4.83159253,1
1503066413,18758254,39.33,4.82745665,1
1503066412,18758249,39.33,1.55581300,0
1503066163,18757860,39.34,0.01342188,1
1503066154,18757844,39.34,0.28794548,1
1503066148,18757806,39.34,0.28794548,1
1503066142,18757776,39.34,0.28794548,1
1503066136,18757721,39.34,0.28794548,1
1503066134,18757711,39.34,1.49835000,1
1503066132,18757706,39.42,1.70481000,0
1503066110,18757650,39.34,2.42017800,1
1503066045,18757515,39.86,6.45887181,1
1503066045,18757514,39.58,2.03000000,0
1503066043,18757509,39.50,1.54158041,0
1503065954,18757164,39.35,13.53999965,1
1503065952,18757162,39.38,0.00000035,1
1503065815,18756977,39.70,1.23602088,0
1503065814,18756976,39.68,4.40288912,0
1503065788,18756938,39.71,3.84418770,0
1503065788,18756937,39.71,1.13326230,0
1503065713,18756852,39.47,1.22094000,1
1503065701,18756790,39.77,0.00000025,1
1503065661,18756737,39.77,53.37997700,1
1503065653,18756731,39.79,0.68040795,1
1503065542,18756621,39.77,3.59742000,1
1503065541,18756619,39.77,2.28722000,1
1503065511,18756610,39.77,9.40999475,1
1503065511,18756609,39.87,0.00000025,1
1503064946,18756062,39.87,6.99999975,1
1503064945,18756061,39.87,7.00000000,1
1503064327,18755680,39.90,2.00000000,1
1503064044,18755543,39.94,50.99167752,1
1503063969,18755489,39.89,1.77107145,1
1503063836,18755352,39.92,1.03406789,1
1503063784,18755315,40.01,12.58498726,1
1503063779,18755304,40.01,8.97268400,1
1503063778,18755303,40.01,11.93089100,1
1503063777,18755301,40.01,1.50000000,1
1503063768,18755289,40.03,8.97230174,1
1503063767,18755288,40.03,9.18874300,1
1503063729,18755239,40.03,14.79250000,1
1503063715,18755210,40.03,8.83937023,1
1503063579,18755094,40.03,4.99650244,1
1503063557,18755071,40.03,4.24522459,1
1503063557,18755070,40.07,0.74500000,1
1503063553,18755068,40.10,1.93000000,1
1503063553,18755067,40.10,1.93000000,1
1503063553,18755066,40.12,1.93000000,1
1503063438,18754997,40.15,5.92706365,1
1503063433,18754991,40.15,0.65700000,1
1503063415,18754970,40.19,0.27000000,1
1503063413,18754963,40.19,0.13000000,0
1503063413,18754961,40.17,2.60000000,0
1503063407,18754955,40.10,1.93000000,0
1503063406,18754949,40.08,1.30227000,1
1503063406,18754946,40.08,0.88000000,1
1503063405,18754945,40.08,1.16999000,1
1503063405,18754944,40.08,7.45000000,0
1503063404,18754942,40.08,5.53000000,1
1503063403,18754932,40.07,0.88000000,1
1503063402,18754929,40.09,32.94505000,0
1503063402,18754928,40.08,15.43000000,0
1503063401,18754927,40.06,1.62495000,0
1503063394,18754922,40.01,3.81031000,1
1503063388,18754916,40.01,1.71686000,1
1503063381,18754905,40.02,0.88000000,1
1503063376,18754899,40.08,2.24001996,0
1503063374,18754897,40.01,0.88000000,1
1503063365,18754889,40.01,0.88000000,1
1503063363,18754887,40.01,0.88000000,1
1503063358,18754881,40.01,4.71889000,1
1503063358,18754880,40.02,0.88000000,1
1503063358,18754878,40.02,0.92804065,1
1503063358,18754877,40.03,0.30063935,1
1503063357,18754876,40.03,1.82476065,1
1503063357,18754875,40.03,1.64236935,1
1503063356,18754873,40.03,0.48303065,1
1503063356,18754872,40.04,2.12540000,1
1503063354,18754864,40.00,0.18537774,0
1503063354,18754862,39.98,1.94000000,0
1503063352,18754859,39.97,5.54845300,1
1503063352,18754858,39.96,18.56000000,0
1503063340,18754832,39.88,0.50000000,1
1503063330,18754824,39.88,1.50000000,1
1503063319,18754819,39.80,7.00000000,0
1503063292,18754798,39.73,0.88400000,1
1503063289,18754794,39.73,0.88400000,1
1503063191,18754639,39.80,3.82987000,1
1503062916,18754222,40.17,45.14119795,1
1503062916,18754221,40.09,0.13000000,0
1503062915,18754219,39.99,0.13000000,0
1503062915,18754218,39.97,1.95000000,1
1503062915,18754217,39.95,0.27668319,0
1503062913,18754216,39.93,2.08000000,0
1503062694,18753917,39.87,0.00186300,0
1503062693,18753915,39.86,1.24426700,0
1503062112,18753301,39.85,48.92363363,1
1503062111,18753299,39.84,15.56622600,0
1503062109,18753291,39.84,15.56246300,1
1503061381,18752535,39.97,9.98248687,0
1503061262,18752444,39.84,16.51004393,1
1503061261,18752443,39.85,11.04000000,1
1503061141,18752343,39.87,11.03000000,0
1503061119,18752335,39.93,1.34894765,1
1503060952,18752246,39.99,0.73796699,0
1503060952,18752245,39.99,0.13000000,0
1503060950,18752243,39.89,0.13000000,0
1503060893,18752208,39.78,30.93665134,1
1503060258,18751700,39.89,1.98846804,0
1503060049,18751333,40.21,4.96145237,0
1503059978,18751245,40.28,13.93289355,1
1503059974,18751212,40.28,15.47335204,1
1503059973,18751208,40.28,35.44375441,1
1503059940,18751137,40.25,1.00000000,1
1503059855,18751083,40.23,1.99565000,1
1503059801,18751059,40.17,0.13000000,0
1503059763,18751042,40.16,1.70359000,1
1503059707,18751017,40.09,0.13000000,0
1503059671,18750998,39.99,32.04000000,0
1503059664,18750994,40.00,44.03782200,1
1503059644,18750981,39.99,0.13000000,1
1503059610,18750964,40.04,3.76073926,0
1503059493,18750906,40.13,0.00016944,1
1503059491,18750897,40.13,72.35983056,1
1503059354,18750755,40.10,13.00000000,1
1503059354,18750754,40.11,5.00000000,1
1503059211,18750676,40.16,5.00000000,0
1503058903,18750512,40.14,0.00390000,1
1503058826,18750476,40.15,10.03360000,0
1503058821,18750475,40.00,2.50000000,0
1503058821,18750474,40.00,0.09900000,0
1503058606,18750397,40.00,2.00000000,0
1503058564,18750359,40.00,3.90100000,0
1503058546,18750354,39.88,19.48000000,1
1503058318,18750232,39.96,4.35227000,0
1503058316,18750231,40.01,1.81000000,1
1503058315,18750230,40.03,6.16227000,1
1503058205,18750164,40.24,7.93240557,0
1503058081,18750070,40.26,24.58093000,1
1503058069,18750063,40.31,2.16661555,1
1503058069,18750062,40.31,12.45002200,1
1503058068,18750059,40.29,47.14111790,1
1503058067,18750058,40.29,0.13000000,0
1503058049,18750043,40.24,13.82221300,1
1503058022,18750025,40.19,0.13000000,0
1503057883,18749950,40.16,6.45981300,1
1503057871,18749943,40.16,3.05018078,1
1503057870,18749942,40.16,6.45981300,1
1503057821,18749926,40.15,2.77882939,0
1503057755,18749906,40.09,0.13000000,0
1503057676,18749846,40.09,0.50000000,1
1503057594,18749792,40.15,0.39452055,0
1503057575,18749786,40.15,6.82665006,0
1503057573,18749785,40.09,0.13000000,0
1503057542,18749758,40.07,0.50000000,1
1503057523,18749724,40.06,0.58265703,1
1503056582,18749314,39.84,7.47865496,1
1503056580,18749313,39.89,0.00018188,1
1503056433,18748895,39.89,0.12981812,1
1503056433,18748893,39.90,0.13000000,1
1503056406,18748735,40.14,0.00004857,1
1503056212,18748575,40.15,5.57200024,1
1503056177,18748558,40.15,23.09899976,1
1503056176,18748556,40.15,25.90100000,1
1503056165,18748547,40.15,2.77000000,1
1503056165,18748546,40.16,65.23000000,1
1503056160,18748538,40.16,0.00011379,1
1503056102,18748525,40.17,1.00000000,1
1503056050,18748518,40.19,5.82657024,1
1503055858,18748395,40.26,65.06000000,0
1503055854,18748393,40.24,3.91957853,0
1503055549,18748137,40.28,1.75775000,0
1503055447,18748092,40.16,49.09088621,1
1503055421,18748071,40.18,20.53876800,1
1503055419,18748067,40.18,17.10004953,1
1503055355,18748034,40.24,0.00006486,1
1503055354,18748032,40.25,10.54991280,0
1503055353,18748031,40.24,5.67743514,1
1503055168,18747913,40.29,0.53575424,0
1503055097,18747874,40.30,0.00000894,0
1503054984,18747767,40.30,0.14999106,0
1503054983,18747765,40.29,0.13000000,0
1503054983,18747763,40.27,0.00010894,0
1503054973,18747755,40.27,33.41260500,1
1503054953,18747744,40.25,2.88000000,0
1503054953,18747743,40.24,2.66000000,0
1503054953,18747741,40.24,3.01747600,0
1503054943,18747733,40.19,13.31000000,1
1503054938,18747729,40.20,0.12496800,0
1503054937,18747728,40.20,49.87000000,0
1503054937,18747727,40.19,0.13000000,0
1503054937,18747725,40.18,4.08000000,0
1503054930,18747705,40.14,20.42000000,1
1503054929,18747704,40.13,28.67095143,0
1503054928,18747703,40.13,20.42000000,0
1503054924,18747695,40.12,11.24156497,0
1503054918,18747690,40.10,0.13000000,0
1503054917,18747689,40.10,0.13000000,0
1503054917,18747688,40.10,0.13000000,0
1503054917,18747687,40.10,0.13000000,0
1503054916,18747686,40.09,0.13000000,0
1503054823,18747618,39.99,0.13000000,0
1503054787,18747555,39.94,1.08847629,0
1503054787,18747554,39.94,4.19666233,0
1503054786,18747553,39.94,4.19666233,0
1503054779,18747529,39.89,0.13000000,0
1503054536,18747376,39.80,0.00036376,1
1503054518,18747321,39.90,0.00007723,1
1503054500,18747297,39.90,4.32952277,1
1503054500,18747296,39.94,0.00005092,1
1503054490,18747291,39.94,4.19954908,1
1503054464,18747285,39.97,0.96000000,1
1503054438,18747273,40.05,0.00012933,1
1503054409,18747264,40.05,4.93697067,1
1503054408,18747262,40.05,4.93710000,1
1503054408,18747260,40.05,4.93710000,1
1503054407,18747258,40.05,4.93710000,1
1503054407,18747256,40.05,4.93710000,1
1503054407,18747254,40.05,2.01567331,1
1503054407,18747252,40.06,0.00007563,1
1503054406,18747251,40.06,39.79992437,1
1503054398,18747242,40.06,11.43408363,1
1503054386,18747231,40.12,10.16458292,1
1503054385,18747228,40.12,3.59926596,1
1503054382,18747227,40.12,20.28485112,1
1503054382,18747226,40.12,34.04870000,1
1503054382,18747225,40.12,33.65900000,1
1503054382,18747224,40.12,4.00744888,1
1503054377,18747221,40.12,18.00002992,1
1503054355,18747213,40.12,11.26182129,1
1503054311,18747182,40.13,0.00002666,1
1503054188,18747066,40.14,0.00005804,1
1503054187,18747058,40.14,9.99994196,1
1503054078,18747021,40.13,7.34188862,1
1503054076,18747015,40.13,21.32901272,1
1503054072,18747013,40.13,5.37777200,1
1503054062,18747001,40.14,1.37713283,1
1503053940,18746903,40.14,0.50000000,1
1503053914,18746894,40.19,2.84835282,0
1503053914,18746893,40.19,0.13000000,0
1503053849,18746846,40.14,3.49999976,1
1503053824,18746838,40.14,28.67156741,1
1503053817,18746832,40.15,4.90166915,1
1503053816,18746830,40.15,34.04833085,1
1503053793,18746820,40.15,33.03163200,1
1503053793,18746819,40.16,45.04551700,1
1503053739,18746763,40.12,0.38969991,0
1503053739,18746762,40.12,0.00002728,0
1503053739,18746761,40.11,33.65897272,0
1503053735,18746759,40.10,16.29700724,1
1503053732,18746754,40.10,3.60124664,1
1503053730,18746748,40.11,12.78380938,1
1503053730,18746747,40.11,33.65885262,1
1503053675,18746719,40.10,8.61720674,1
1503053596,18746655,40.06,2.17802038,1
1503053596,18746654,40.11,0.13000000,1
1503053596,18746653,40.11,0.13000000,1
1503053596,18746652,40.12,0.13000000,1
1503053596,18746651,40.12,0.13000000,1
1503053595,18746650,40.13,0.13000000,1
1503053592,18746642,40.09,0.13000000,0
1503053590,18746637,40.06,0.55851252,1
1503053587,18746632,40.05,2.92142669,1
1503053587,18746630,40.05,0.00004606,1
1503053583,18746613,40.05,4.93705394,0
1503053573,18746595,39.98,5.67000000,1
1503053570,18746589,39.98,0.82923753,1
1503053570,18746587,40.01,0.13000000,1
1503053570,18746585,40.01,0.13000000,1
1503053564,18746576,39.99,0.13000000,0
1503053558,18746561,39.96,0.83000000,0
1503053558,18746560,39.89,0.13000000,0
1503053557,18746557,39.87,2.24961149,0
1503053556,18746556,39.87,1.82000000,0
1503053556,18746555,39.87,0.13000000,0
1503053555,18746553,39.87,0.13000000,0
1503053551,18746547,39.86,7.96916313,0
1503053551,18746546,39.85,8.45989687,0
1503053546,18746523,39.85,8.46000000,0
1503053542,18746520,39.84,10.31000000,0
1503053539,18746518,39.80,0.12963624,1
1503053538,18746515,39.80,0.13000000,1
1503053538,18746513,39.80,0.00018188,1
1503053532,18746511,39.80,0.12981812,1
1503053532,18746509,39.80,0.13000000,1
1503053528,18746505,39.84,9.41000000,0
1503053527,18746502,39.74,5.31600579,1
1503053527,18746501,39.79,0.13000000,1
1503053526,18746499,39.80,0.13000000,1
1503053526,18746497,39.80,0.13000000,1
1503053525,18746494,39.79,0.13000000,0
1503053521,18746489,39.74,19.48980398,1
1503053519,18746485,39.73,5.70600579,1
1503053518,18746484,39.73,11.58987891,1
1503053510,18746474,39.69,1.93828730,1
1503053509,18746470,39.72,29.98984064,1
1503053508,18746467,39.72,13.77002494,1
1503053429,18746384,39.69,0.00019123,1
1503053245,18746274,39.69,1.11980877,1
1503053205,18746215,39.69,0.13000000,0
1503053199,18746214,39.57,2.00000000,1
1503052939,18745930,39.59,0.13000000,0
1503052861,18745844,39.44,11.80226300,1
1503052858,18745836,39.59,0.37000000,0
1503052858,18745835,39.59,0.13000000,0
1503052778,18745788,39.51,0.50000000,0
1503052739,18745753,39.54,0.37000000,0
1503052737,18745735,39.49,0.13000000,0
1503052648,18745666,39.55,0.50000000,1
1503052576,18745612,39.43,0.50000000,0
1503052545,18745577,39.44,0.72000000,0
1503052522,18745567,39.50,0.50000000,0
1503052467,18745527,39.45,3.00000000,0
1503052428,18745505,39.47,3.00000000,0
1503052415,18745502,39.48,0.50000000,0
1503052403,18745496,39.49,2.87000000,0
1503052403,18745493,39.49,0.13000000,0
1503052377,18745484,39.48,0.15971046,0
1503052375,18745482,39.41,0.34028954,0
1503052347,18745430,39.42,1.96881959,0
1503052347,18745429,39.42,1.03118041,0
1503052342,18745423,39.38,4.55773200,1
1503052285,18745398,39.49,3.00000000,0
1503052255,18745358,39.61,0.50000000,0
1503052174,18745223,39.63,0.50000000,0
1503052103,18745168,39.66,0.50000000,0
1503052051,18745104,39.62,6.98000500,1
1503052038,18745091,39.64,46.53000000,1
1503051989,18745023,39.65,0.28060000,0
1503051989,18745021,39.65,0.28060000,0
1503051989,18745019,39.65,0.28060000,0
1503051988,18745015,39.65,0.06117823,0
1503051981,18745007,39.65,0.21942177,0
1503051981,18745006,39.65,0.28057823,0
1503051902,18744902,39.63,0.36619628,0
1503051900,18744900,39.61,0.13380372,0
1503051772,18744844,39.64,0.50000000,0
1503051765,18744843,39.72,0.00002177,1
1503051765,18744842,39.72,0.28060000,1
1503051763,18744838,39.58,2.71937823,0
1503051694,18744810,39.73,0.50000000,0
1503051654,18744789,39.62,0.09453419,0
1503051654,18744788,39.62,0.40546581,0
1503051559,18744714,39.65,0.00000024,1
1503051531,18744640,39.72,0.50000000,0
1503051486,18744580,39.69,0.50000000,0
1503051424,18744537,39.70,0.50000000,0
1503051330,18744475,39.71,0.50000000,0
1503051263,18744400,39.70,0.50000000,0
1503051258,18744398,39.65,9.63530871,1
1503051013,18744243,39.98,6.37293646,1
1503051012,18744242,39.97,3.51000000,0
1503051010,18744237,39.89,0.09820000,0
1503050837,18744117,39.88,0.31143461,0
1503050815,18744089,39.86,2.98729000,0
1503050705,18743969,39.89,0.03180000,0
1503050705,18743968,39.85,21.23000000,0
1503050503,18743890,39.89,0.13000000,1
1503050503,18743889,39.89,0.13000000,1
1503050470,18743858,39.89,0.13000000,1
1503050470,18743857,39.89,0.13000000,1
1503050470,18743856,39.89,0.13000000,1
1503050470,18743855,39.89,0.13000000,1
1503050470,18743854,39.89,0.13000000,1
1503050469,18743853,39.89,0.13000000,1
1503050469,18743852,39.89,0.13000000,1
1503050469,18743851,39.89,0.13000000,1
1503050453,18743841,39.95,0.62428035,0
1503050371,18743800,39.97,0.12820000,1
1503050371,18743799,39.97,0.12820000,1
1503050352,18743785,39.99,20.93710844,1
1503050351,18743782,39.99,4.52988223,1
1503050350,18743777,39.99,24.53300933,1
1503050350,18743775,39.99,20.46599017,1
1503050330,18743761,39.99,29.53400983,1
1503050330,18743759,39.99,9.46598992,1
1503050311,18743752,39.99,1.00000000,1
1503050230,18743720,39.99,3.32782033,1
1503050228,18743719,39.99,3.33008228,1
1503050224,18743700,39.99,1.00000000,1
1503050224,18743698,39.99,3.32782033,1
1503050222,18743693,39.99,3.32649000,1
1503050218,18743664,39.99,2.00000000,1
1503050175,18743632,39.99,2.89194000,1
1503050158,18743609,39.99,1.36008978,1
1503050137,18743573,40.00,0.71000000,0
1503050124,18743570,40.00,0.50000000,0
1503050099,18743564,39.99,0.13000000,1
1503050089,18743562,39.99,5.79329830,1
1503050084,18743538,39.99,5.79329830,1
1503050080,18743506,39.99,5.08752164,1
1503050077,18743502,39.99,2.16564912,1
1503050076,18743501,39.99,3.63180000,1
1503050067,18743489,39.99,3.31757915,1
1503050028,18743463,39.99,3.77695000,1
1503050019,18743461,39.99,4.69108400,1
1503049989,18743448,39.99,4.20241500,1
1503049984,18743445,40.00,4.19650000,1
1503049980,18743444,40.00,4.19700000,1
1503049941,18743433,40.01,2.05425099,0
1503049933,18743432,40.01,2.54910150,1
1503049933,18743431,40.08,0.49664751,1
1503049918,18743429,40.08,0.00335249,0
1503049837,18743389,40.17,2.23435751,1
1503049836,18743388,40.17,3.97375800,0
1503049784,18743323,40.01,0.53238050,0
1503049769,18743310,40.01,2.54910700,0
1503049563,18743151,40.01,11.84829870,1
1503049539,18743142,40.17,3.00000000,1
1503049537,18743141,40.18,1.01991016,1
1503049537,18743139,40.18,9.92000000,1
1503049536,18743138,40.18,1.08000000,1
1503049532,18743133,40.18,25.00000000,1
1503049527,18743127,40.17,2.00000000,1
1503049433,18742948,40.24,9.34716699,0
1503049433,18742947,40.22,0.68696534,0
1503049431,18742945,40.19,0.13000000,0
1503049378,18742896,40.05,2.02770000,0
1503049336,18742829,40.09,7.05446260,1
1503049336,18742828,40.16,4.50033740,1
1503049327,18742821,40.16,1.97000000,0
1503049242,18742742,40.27,14.11037860,0
1503049241,18742741,40.22,1.02532140,0
1503049241,18742740,40.22,2.02000000,0
1503049203,18742709,40.21,10.29780000,0
1503048974,18742476,39.99,30.38017185,1
1503048973,18742475,39.99,0.55492715,0
1503048973,18742474,40.02,25.33780000,1
1503048972,18742473,40.02,25.33780000,1
1503048972,18742472,40.02,14.85371291,1
1503048970,18742465,40.04,20.00349500,1
1503048775,18742370,40.04,9.80000000,1
1503048775,18742369,40.05,0.20000000,1
1503048529,18742194,40.26,0.59711872,1
1503048529,18742193,40.21,0.28956467,0
1503048529,18742192,40.19,0.13000000,0
1503048351,18741997,40.35,33.86870283,1
1503048351,18741995,40.35,6.00000000,1
1503048350,18741989,40.35,8.95236200,1
1503048350,18741988,40.35,1.17893517,1
1503048349,18741987,40.35,28.26856645,1
1503048343,18741984,40.35,6.24319500,1
1503048342,18741983,40.35,11.73635600,1
1503048336,18741977,40.35,3.75188255,1
1503048336,18741976,40.35,7.99922724,1
1503048326,18741965,40.35,7.61425400,1
1503048326,18741964,40.35,0.36100000,1
1503048324,18741960,40.35,5.10606200,1
1503048319,18741952,40.35,19.99990435,1
1503048318,18741949,40.35,5.63014001,1
1503048293,18741936,40.35,3.28941240,1
1503048293,18741934,40.35,3.71058760,1
1503048277,18741926,40.35,46.28941240,1
1503048277,18741925,40.35,17.51058736,1
1503048275,18741921,40.35,8.00000000,1
1503048272,18741920,40.35,11.98242008,1
1503048238,18741906,40.36,4.00000000,1
1503048229,18741900,40.37,0.37842306,1
1503048128,18741815,40.55,0.00017385,1
1503048127,18741812,40.55,1.05258324,1
1503048125,18741810,40.55,1.97000000,0
1503048084,18741801,40.37,7.46570000,1
1503048007,18741660,40.37,6.64260200,1
1503048001,18741649,40.37,13.35739238,1
1503047955,18741609,40.37,0.68394505,1
1503047909,18741581,40.49,76.12000000,1
1503047909,18741580,40.50,1.00000000,0
1503047909,18741579,40.50,32.00000000,0
1503047908,18741578,40.49,0.13000000,0
1503047866,18741562,40.44,1.29880000,1
1503047836,18741529,40.45,1.66291000,1
1503047804,18741504,40.45,4.86252000,1
1503047792,18741494,40.44,0.87100000,1
1503047790,18741491,40.43,11.23893124,0
1503047788,18741486,40.42,0.87100000,1
1503047785,18741482,40.41,0.87100000,1
1503047781,18741477,40.41,0.87100000,1
1503047779,18741476,40.41,0.87100000,1
1503047776,18741475,40.40,0.87100000,1
1503047773,18741474,40.38,0.87100000,1
1503047771,18741472,40.37,0.87100000,1
1503047769,18741471,40.37,0.87100000,1
1503047767,18741468,40.36,6.29748900,1
1503047767,18741467,40.42,23.70251100,1
1503047766,18741465,40.42,0.87100000,1
1503047764,18741462,40.41,0.87100000,1
1503047756,18741460,40.37,0.87100000,1
1503047754,18741452,40.36,0.87100000,1
1503047753,18741451,40.36,0.00711000,1
1503047753,18741450,40.38,4.73000000,1
1503047753,18741449,40.38,0.01000000,1
1503047752,18741448,40.39,0.87100000,1
1503047752,18741447,40.39,0.13000000,0
1503047750,18741441,40.38,4.72000000,0
1503047748,18741439,40.36,0.87100000,1
1503047743,18741436,40.35,12.50699256,0
1503047743,18741435,40.34,50.00000000,0
1503047714,18741359,40.23,8.62180000,1
1503047713,18741346,40.35,11.29194547,0
1503047711,18741327,40.29,0.13000000,0
1503047540,18741187,40.28,58.13994688,1
1503047538,18741181,40.27,0.13000000,0
1503047531,18741176,40.26,4.93194213,1
1503047472,18741145,40.19,0.13000000,0
1503047449,18741127,40.16,7.00000000,1
1503047445,18741125,40.15,22.63900000,0
1503047407,18741116,40.15,7.35809000,0
1503047385,18741104,40.15,0.00291000,0
1503047385,18741103,40.13,1.94000000,0
1503047367,18741081,40.09,0.13000000,0
1503047341,18741071,40.08,24.93000000,1
1503047327,18741064,40.02,10.06820000,1
1503047327,18741063,40.04,0.41590000,1
1503047327,18741062,40.04,0.41590000,1
1503047320,18741055,40.00,0.41588709,0
1503047319,18741053,39.99,40.60810555,0
1503047318,18741052,39.98,9.39189445,0
1503047317,18741045,39.98,2.97810555,0
1503047317,18741041,39.97,0.12823885,0
1503047192,18740973,39.89,0.13000000,0
1503046859,18740679,39.96,0.08933933,0
1503046858,18740677,39.95,0.12788114,0
1503046841,18740671,39.96,2.50918138,0
1503046840,18740670,39.91,0.38751862,0
1503046721,18740579,39.97,0.00176115,0
1503046720,18740578,39.94,1.17429885,0
1503046479,18740420,39.94,0.00441912,0
1503046478,18740419,39.93,2.94454088,0
1503046414,18740382,39.91,0.00534000,0
1503046414,18740381,39.90,3.56000000,0
1503046385,18740367,39.92,1.47541000,0
1503046364,18740363,39.92,1.96000000,0
1503046364,18740362,39.91,3.73000000,0
1503046363,18740361,39.89,0.12690000,0
1503046361,18740359,39.88,1.66984000,0
1503046283,18740290,39.86,2.15516000,0
1503046241,18740259,39.76,17.44384130,1
1503046232,18740247,39.76,14.22817883,1
1503046230,18740240,39.75,22.53979422,1
1503046224,18740235,39.75,19.99999975,1
1503046179,18740174,39.69,0.99500000,1
1503046137,18740121,39.89,0.00310000,0
1503046136,18740120,39.85,2.07000000,0
1503046053,18740047,39.70,1.73977053,1
1503046047,18740036,39.70,20.81007532,1
1503046012,18739982,39.70,20.80947985,1
1503046005,18739969,39.70,21.03551613,1
1503045970,18739909,39.86,0.58041000,0
1503045951,18739893,39.84,3.32485000,0
1503045513,18739257,39.86,1.43959000,0
1503044815,18738704,39.82,1.94000000,0
1503043951,18737993,39.68,3.89275279,0
1503043950,18737992,39.68,1.11855090,1
1503043784,18737863,39.38,1.54226765,1
1503043784,18737861,39.41,1.94000000,1
1503043783,18737859,39.58,4.48122852,1
1503043783,18737858,39.76,7.96000000,1
1503043781,18737857,39.77,23.54010900,1
1503043781,18737856,39.77,0.53639483,1
1503043391,18737443,39.99,0.13000000,1
1503043387,18737420,39.99,0.13000000,1
1503043387,18737419,39.99,0.13000000,1
1503043383,18737409,39.99,0.13000000,1
1503043383,18737406,39.99,0.13000000,1
1503043344,18737389,40.00,14.99884350,1
1503043125,18737177,40.09,0.13000000,0
1503043093,18737157,40.09,50.00000000,0
1503043092,18737156,40.13,6.35932735,1
1503043092,18737155,40.10,43.64067265,0
1503043090,18737153,40.09,0.13000000,1
1503043088,18737151,40.10,0.13000000,1
1503042903,18737020,40.28,12.75984087,1
1503042902,18737018,40.29,1.50000000,1
1503042901,18737016,40.30,13.03340400,1
1503042899,18737012,40.30,5.08659600,1
1503042596,18736830,40.29,0.37442089,1
1503042596,18736828,40.29,0.13000000,1
1503042580,18736820,40.38,0.86453690,0
1503042573,18736819,40.27,1.73978797,1
1503042572,18736818,40.27,2.67000000,1
1503042572,18736817,40.29,0.13000000,1
1503042572,18736816,40.29,0.13000000,0
1503042466,18736758,40.19,0.77000000,1
1503042466,18736757,40.19,0.13000000,1
1503042450,18736749,40.19,0.13000000,0
1503042408,18736690,40.11,10.87834299,1
1503042408,18736689,40.12,0.00024066,1
1503042405,18736682,40.12,23.28873156,1
1503042404,18736677,40.12,1.13809000,1
1503042403,18736676,40.12,0.00007678,1
1503042403,18736674,40.12,15.30500523,1
1503042401,18736669,40.12,1.58499477,1
1503042394,18736645,40.11,22.67998132,1
1503042393,18736644,40.11,0.00008002,1
1503042390,18736638,40.11,17.65991998,1
1503042381,18736625,40.13,18.72985374,1
1503042375,18736613,40.11,19.86979565,1
1503042374,18736612,40.12,0.00019588,1
1503042373,18736607,40.12,2.37172259,1
1503042371,18736602,40.12,19.86999153,1
1503042370,18736596,40.11,43.77067265,1
1503042369,18736593,40.11,0.00003041,1
1503042364,18736582,40.12,22.24187014,1
1503042363,18736581,40.11,20.78996959,1
1503042363,18736579,40.11,0.13000000,1
1503042346,18736559,40.09,0.13000000,0
1503042321,18736541,40.00,9.94982725,1
1503042312,18736530,40.02,15.18648001,1
1503042311,18736528,40.02,7.22999975,1
1503042309,18736521,40.01,22.75544500,1
1503042304,18736514,40.01,22.75531743,1
1503042280,18736502,39.99,0.13000000,0
1503041997,18736344,39.77,7.42311400,1
1503041826,18736260,39.85,9.69908106,1
1503041824,18736259,39.84,0.36729157,1
1503041815,18736256,39.83,4.00000000,0
1503041797,18736244,39.83,3.36821000,1
1503041615,18736180,39.78,0.97247233,1
1503041611,18736175,39.74,0.00049117,0
1503041611,18736173,39.74,7.95950883,0
1503041608,18736172,40.05,0.00000649,1
1503041602,18736152,40.05,1.80099351,1
1503041602,18736151,40.05,1.80100000,1
1503041602,18736150,40.05,1.80100000,1
1503041602,18736149,40.05,1.80100000,1
1503041602,18736148,40.05,1.80100000,1
1503041598,18736143,40.05,1.80100000,1
1503041598,18736142,40.05,1.80100000,1
1503041598,18736141,40.05,1.80100000,1
1503041598,18736140,40.05,1.80100000,1
1503041591,18736137,40.07,35.57980000,1
1503041560,18736116,40.11,34.58406100,1
1503041560,18736115,40.11,13.73593900,1
1503041557,18736113,40.11,4.56818724,1
1503041468,18736088,40.23,0.25093168,0
1503041388,18735981,40.09,9.35000000,1
1503041388,18735979,40.10,3.43000000,1
1503041385,18735975,40.10,0.19322519,0
1503041384,18735974,40.10,0.31907609,0
1503041384,18735973,40.09,0.42536031,0
1503041384,18735972,40.09,0.27957538,1
1503041384,18735971,40.09,0.28185242,1
1503041382,18735969,40.10,0.28379254,1
1503041382,18735968,40.10,0.39429909,1
1503041381,18735966,40.16,0.00007170,1
1503041381,18735964,40.16,2.06992830,1
1503041381,18735963,40.16,2.07000000,1
1503041381,18735962,40.16,2.07000000,1
1503041381,18735961,40.16,2.07000000,1
1503041381,18735959,40.16,2.07000000,1
1503041367,18735953,40.19,4.35247018,1
1503041367,18735952,40.19,0.13000000,1
1503041367,18735951,40.19,0.00823419,1
1503041352,18735946,40.19,0.12176581,1
1503041352,18735945,40.24,1.95940000,1
1503041351,18735944,40.24,1.95940000,1
1503041351,18735941,40.24,1.95940000,1
1503041350,18735939,40.24,0.00003419,1
1503041277,18735920,40.37,7.20262571,0
1503041262,18735911,40.39,0.13000000,1
1503041260,18735910,40.40,2.00807622,1
1503041255,18735903,40.40,0.99192378,1
1503041255,18735902,40.40,1.90610000,1
1503041255,18735901,40.40,1.90610000,1
1503041255,18735900,40.40,1.90610000,1
1503041255,18735899,40.40,1.90607622,1
1503041251,18735897,40.44,8.47691600,1
1503041251,18735893,40.44,7.00000000,1
1503041250,18735892,40.44,24.93857481,1
1503041250,18735890,40.44,39.06117792,1
1503041247,18735884,40.44,7.97592200,1
1503041243,18735879,40.44,2.96290008,1
1503041243,18735878,40.44,48.03709992,1
1503041241,18735876,40.44,1.96290008,1
1503041241,18735875,40.44,7.37621792,1
1503041238,18735872,40.44,9.99975273,1
1503041234,18735867,40.44,19.72898100,1
1503041233,18735865,40.44,9.00000000,1
1503041230,18735863,40.46,9.50300000,1
1503041230,18735861,40.46,9.50300000,1
1503041230,18735859,40.46,7.59742700,1
1503041229,18735857,40.46,1.50000000,1
1503041227,18735855,40.46,0.40557300,1
1503041227,18735853,40.46,9.50300000,1
1503041226,18735851,40.46,2.56261285,1
1503041154,18735830,40.46,6.94038715,1
1503041154,18735829,40.46,9.50300000,1
1503041154,18735828,40.46,3.55661285,1
1503041153,18735826,40.46,5.94638715,1
1503041153,18735825,40.46,3.94876685,1
1503041153,18735824,40.46,5.55423315,1
1503041152,18735823,40.46,9.50300000,1
1503041152,18735822,40.46,9.50300000,1
1503041152,18735821,40.46,9.50300000,1
1503041152,18735820,40.46,9.50300000,1
1503041131,18735796,40.49,0.13000000,1
1503041131,18735795,40.49,0.13000000,1
1503041131,18735794,40.49,0.13000000,1
1503041130,18735793,40.49,0.13000000,1
1503041130,18735792,40.49,0.13000000,1
1503041124,18735787,40.50,0.15989983,1
1503041121,18735786,40.50,2.00000000,1
1503041120,18735785,40.71,28.62736428,1
1503041120,18735784,40.69,0.13000000,0
1503041119,18735783,40.68,1.90000000,0
1503041119,18735782,40.67,1.50012288,0
1503041119,18735781,40.67,46.38971500,1
1503041119,18735780,40.67,25.02280300,1
1503041118,18735777,40.60,3.00000000,1
1503041118,18735776,40.60,121.00700000,1
1503041118,18735775,40.59,0.13000000,0
1503041116,18735773,40.58,3.00000000,1
1503041116,18735772,40.58,0.77277295,0
1503041099,18735769,40.50,44.80000000,1
1503041099,18735768,40.51,0.20000000,1
1503041088,18735765,40.52,0.00020088,1
1503041084,18735755,40.52,19.94979912,1
1503041044,18735739,40.61,1.50000000,1
1503041032,18735734,40.50,2.40890017,1
1503041032,18735733,40.50,0.13001883,1
1503041032,18735732,40.51,12.29000000,1
1503041032,18735731,40.62,17.67108100,1
1503041027,18735729,40.63,0.61356488,1
1503041012,18735720,40.72,4.18682104,1
1503041007,18735719,40.72,10.81873155,1
1503041007,18735718,40.72,5.18126845,1
1503040999,18735712,40.72,2.46832700,1
1503040999,18735711,40.72,3.42228600,1
1503040998,18735710,40.72,3.93379900,1
1503040816,18735557,40.99,28.98878010,1
1503040815,18735556,40.99,4.63000000,1
1503040815,18735553,40.98,0.31203766,0
1503040815,18735551,40.98,2.20000000,0
1503040814,18735550,40.95,7.79304030,0
1503040814,18735548,40.94,4.63000000,0
1503040813,18735547,40.89,0.13000000,0
1503040749,18735500,40.86,0.86200000,1
1503040746,18735499,40.85,0.86200000,1
1503040739,18735496,40.85,0.86200000,1
1503040736,18735495,40.84,0.86200000,1
1503040733,18735491,40.84,0.86200000,1
1503040632,18735420,40.83,4.10595000,0
1503040623,18735412,40.95,0.70695970,0
1503040623,18735411,40.94,2.01000000,0
1503040622,18735410,40.89,0.13000000,0
1503040621,18735408,40.83,8.04134460,0
1503040618,18735407,40.83,2.02865540,1
1503040618,18735406,40.80,0.27200000,0
1503040616,18735402,40.79,0.13000000,0
1503040588,18735386,40.74,6.38924351,0
1503040587,18735385,40.74,2.76215022,0
1503040573,18735363,40.74,2.08492881,0
1503040571,18735360,40.74,2.76067746,0
1503040566,18735347,40.72,10.03847000,0
1503040566,18735346,40.72,3.77401000,0
1503040564,18735344,40.72,1.18752000,0
1503040520,18735332,40.69,0.13000000,0
1503040275,18735209,40.69,52.78004376,0
1503040272,18735198,40.69,0.00525933,0
1503040268,18735197,40.72,7.21905697,1
1503040267,18735196,40.69,0.13000000,0
1503040262,18735192,40.61,15.00000000,0
1503040242,18735129,40.59,17.02871575,0
1503040242,18735128,40.58,3.03000000,0
1503040182,18735108,40.59,0.13000000,0
1503040172,18735098,40.56,1.47700000,0
1503040160,18735095,40.55,0.99000000,0
1503040160,18735094,40.55,0.97000000,0
1503040160,18735093,40.55,0.57400000,0
1503040160,18735092,40.55,0.50000000,0
1503040139,18735080,40.50,10.00000000,0
1503040139,18735079,40.50,1.00000000,0
1503040139,18735078,40.50,2.75000000,0
1503040139,18735077,40.50,18.25498136,0
1503040139,18735076,40.50,1.60679000,0
1503040139,18735075,40.50,4.45432504,0
1503040138,18735074,40.50,9.00000000,0
1503040138,18735073,40.50,2.17268477,0
1503040138,18735071,40.49,0.13000000,0
1503040044,18735014,40.50,4.87234181,0
1503040044,18735013,40.50,15.40765819,0
1503040016,18734980,40.48,0.25498400,0
1503040015,18734979,40.48,17.74501600,1
1503040008,18734975,40.48,18.27946000,1
1503040000,18734969,40.48,18.22737500,1
1503039993,18734965,40.50,1.00000000,0
1503039983,18734964,40.48,6.40000000,1
1503039974,18734952,40.50,9.01975300,0
1503039967,18734949,40.50,0.50000000,0
1503039874,18734922,40.49,0.13000000,0
1503039834,18734905,40.46,3.87500000,0
1503039834,18734904,40.46,0.72000000,0
1503039833,18734903,40.46,0.99000000,0
1503039833,18734900,40.46,0.88000000,0
1503039833,18734897,40.46,0.88000000,0
1503039833,18734895,40.46,0.73900000,0
1503039833,18734894,40.46,1.41900000,0
1503039826,18734892,40.45,0.62500000,0
1503039821,18734890,40.44,0.35550398,0
1503039821,18734889,40.43,3.53954437,0
1503039820,18734888,40.43,50.00000000,0
1503039781,18734863,40.43,17.65397800,1
1503039773,18734862,40.44,6.77449602,0
1503039773,18734861,40.44,17.59600000,0
1503039773,18734860,40.44,0.62950398,0
1503039706,18734813,40.40,0.00002378,0
1503039705,18734812,40.40,1.90610000,0
1503039694,18734807,40.40,0.13000000,1
1503039694,18734806,40.40,0.13000000,1
1503039673,18734787,40.39,0.13000000,0
1503039566,18734760,40.44,0.99749602,0
1503039566,18734758,40.44,0.88000000,0
1503039566,18734757,40.44,5.39749400,0
1503039565,18734756,40.44,15.78955003,1
1503039565,18734755,40.42,15.80000000,0
1503039565,18734754,40.39,0.13000000,0
1503039564,18734753,40.38,3.16000000,0
1503039564,18734752,40.30,1.00000000,0
1503039563,18734751,40.30,1.00000000,0
1503039563,18734750,40.29,0.13000000,0
1503039561,18734749,40.27,5.08935845,0
1503039555,18734743,40.24,1.15600000,0
1503039555,18734742,40.24,0.80336581,0
1503039529,18734738,40.19,0.13000000,0
1503039505,18734733,40.16,2.07000000,0
1503039410,18734713,40.24,0.35263419,0
1503039410,18734712,40.19,0.13000000,0
1503039408,18734711,40.18,0.51000000,0
1503039284,18734652,40.12,2.80926438,0
1503038959,18734540,40.10,5.13000000,1
1503038958,18734539,40.10,0.13000000,1
1503038958,18734538,40.10,0.13000000,1
1503038958,18734537,40.10,0.13000000,1
1503038958,18734536,40.10,0.13000000,1
1503038957,18734535,40.10,0.13000000,1
1503038957,18734534,40.10,0.06500000,1
1503038957,18734532,40.11,4.96148338,1
1503038929,18734506,40.16,35.41000000,1
1503038870,18734485,40.23,10.06094082,1
1503038870,18734482,40.23,10.61319638,1
1503038869,18734480,40.23,0.96209595,0
1503038832,18734472,40.23,0.19390405,0
1503038831,18734471,40.23,1.64300000,0
1503038831,18734470,40.23,0.65400000,0
1503038830,18734468,40.23,0.93500000,0
1503038830,18734467,40.23,1.15600000,0
1503038830,18734466,40.21,3.50000000,0
1503038828,18734465,40.20,0.50000000,0
1503038799,18734443,40.19,0.13000000,0
1503038772,18734439,40.17,0.90000000,0
1503038772,18734438,40.17,0.90000000,0
1503038738,18734432,40.11,12.96204700,0
1503038738,18734431,40.11,7.03795300,0
1503038718,18734429,40.10,0.06500000,1
1503038718,18734428,40.10,1.73500000,1
1503038712,18734420,40.10,5.00000000,0
1503038712,18734419,40.09,0.13000000,0
1503038711,18734416,40.09,1.64300000,0
1503038711,18734415,40.09,1.07600000,0
1503038711,18734413,40.09,1.08300000,0
1503038711,18734412,40.09,1.72000000,0
1503038711,18734411,40.09,1.08300000,0
1503038696,18734390,40.07,0.49500000,0
1503038696,18734389,40.07,5.70600000,0
1503038696,18734388,40.07,0.21900000,0
1503038696,18734387,40.07,20.38200000,0
1503038692,18734383,40.05,0.27100000,0
1503038691,18734382,40.05,0.00000049,0
1503038691,18734381,40.05,0.49999951,0
1503038691,18734380,40.03,1.03000000,0
1503038684,18734372,40.00,0.50000000,0
1503038684,18734371,40.00,0.75000000,0
1503038684,18734370,40.00,5.99775000,0
1503038683,18734367,40.00,20.00225000,0
1503038682,18734365,40.00,5.00000000,0
1503038681,18734364,40.00,0.00046500,0
1503038681,18734363,40.00,1.99953500,0
1503038681,18734362,40.00,1.56000000,0
1503038681,18734361,40.00,2.00000000,0
1503038681,18734360,40.00,0.55957400,0
1503038680,18734359,40.00,1.03000000,0
1503038679,18734357,40.00,1.00000000,0
1503038676,18734356,40.00,0.11042600,0
1503038676,18734355,40.00,1.00000000,0
1503038675,18734354,40.00,0.50000000,0
1503038675,18734353,40.00,0.25000000,0
1503038666,18734345,40.00,0.25000000,0
1503038665,18734342,40.00,12.96596585,0
1503038664,18734339,40.00,0.50000000,0
1503038664,18734335,39.99,1.19308400,0
1503038658,18734328,39.99,0.59691600,0
1503038658,18734327,39.99,0.13000000,0
1503038658,18734326,39.98,14.06394200,0
1503038656,18734323,39.98,35.93605800,0
1503038646,18734318,39.97,2.12000000,0
1503038636,18734315,39.95,0.76000000,0
1503038636,18734314,39.95,19.24000000,0
1503038636,18734313,39.95,0.44400000,0
1503038630,18734310,39.93,15.00000000,0
1503038601,18734299,39.89,0.13000000,0
1503038499,18734281,39.85,1.23789625,0
1503038423,18734259,39.82,0.25000000,0
1503038396,18734244,39.81,7.66625600,0
1503038376,18734218,39.81,58.28278000,0
1503038369,18734207,39.80,35.63988217,1
1503038358,18734156,39.79,0.13000000,0
1503038356,18734122,39.78,0.91530500,0
1503038349,18734103,39.76,7.95217000,1
1503038339,18734082,39.75,2.42891900,0
1503038338,18734080,39.75,4.36839300,0
1503038338,18734079,39.75,6.52634400,0
1503038272,18734001,39.74,3.01207851,1
1503038269,18734000,39.74,0.18940000,0
1503038269,18733999,39.74,1.40000000,0
1503038269,18733998,39.74,0.45130400,0
1503038269,18733996,39.74,8.72599300,0
1503038269,18733995,39.74,1.91070300,0
1503038268,18733994,39.69,0.13000000,0
1503038187,18733949,39.52,0.25000000,1
1503038056,18733900,39.63,40.06000000,1
1503037996,18733873,39.59,0.13000000,0
1503037964,18733858,39.56,0.61700000,0
1503037945,18733852,39.52,6.12357818,0
1503037944,18733851,39.52,3.87642182,0
1503037944,18733850,39.52,2.91270000,0
1503037917,18733833,39.50,15.00000000,0
1503037917,18733832,39.50,0.50334706,0
1503037917,18733831,39.50,2.77778000,0
1503037915,18733830,39.49,0.00001452,0
1503037828,18733794,39.49,0.13998548,0
1503037828,18733793,39.49,0.14231452,0
1503037780,18733769,39.46,2.04950000,1
1503037732,18733731,39.49,1.85768548,0
1503037722,18733704,39.44,0.26900000,0
1503037722,18733703,39.44,0.49100000,0
1503037695,18733689,39.42,3.87500000,0
1503037655,18733677,39.31,8.11000000,1
1503037641,18733658,39.38,2.93651599,0
1503037637,18733654,39.32,15.43000000,1
1503037634,18733653,39.29,4.82000000,1
1503037634,18733652,39.31,50.00000000,1
1503037633,18733651,39.32,9.01000000,1
1503037630,18733644,39.29,16.90140000,0
1503037628,18733638,39.29,1.42860000,1
1503037627,18733635,39.29,1.42860000,1
1503037625,18733633,39.30,19.90232900,0
1503037623,18733632,39.29,1.42862404,0
1503037496,18733586,39.25,1.42853478,1
1503037494,18733583,39.25,4.85143975,1
1503037494,18733582,39.26,1.42856000,1
1503037493,18733580,39.27,16.75015366,1
1503037493,18733578,39.27,1.42868034,1
1503037446,18733564,39.26,0.02060000,1
1503037446,18733563,39.30,13.75480000,1
1503037446,18733561,39.30,22.03210000,1
1503037445,18733560,39.30,14.21310000,1
1503037333,18733475,39.32,49.73000000,1
1503037333,18733474,39.32,4.51000000,1
1503037192,18733421,39.27,1.53056000,1
1503037190,18733418,39.27,2.77066000,1
1503037132,18733392,39.26,1.03084000,1
1503037131,18733391,39.26,1.09145000,1
1503037070,18733377,39.26,1.38855000,1
1503036896,18733330,39.27,10.05000000,0
1503036841,18733311,39.24,2.48000000,0
1503036840,18733309,39.24,6.28000000,0
1503036836,18733308,39.24,3.06000000,0
1503036836,18733307,39.25,3.06000000,1
1503036834,18733304,39.24,3.06000000,0
1503036830,18733301,39.24,15.31000000,0
1503036442,18733179,39.41,2.25171276,0
1503036442,18733178,39.39,0.14000000,0
1503036440,18733175,39.29,0.14000000,0
1503036401,18733156,39.25,2.35454920,0
1503036144,18732985,39.19,0.14000000,0
1503035513,18732844,39.15,15.82893900,0
1503035455,18732815,39.16,4.22778345,0
1503035370,18732773,39.11,2.80926438,0
1503035038,18732636,39.13,3.83000000,1
1503035038,18732635,39.14,45.17000000,1
1503034985,18732622,39.09,0.14000000,0
1503034744,18732529,39.08,13.00000000,0
1503034434,18732432,39.15,35.00000000,1
1503034345,18732378,39.15,12.73946360,0
1503034290,18732359,39.13,1.99953030,1
1503033797,18732175,39.29,0.14000000,0
1503033529,18731983,39.19,0.14000000,0
1503033491,18731960,39.13,0.80500000,0
1503033490,18731959,39.13,0.62500000,0
1503033490,18731958,39.13,22.58500000,0
1503033437,18731883,39.13,8.00000000,0
1503033410,18731864,39.09,0.14000000,0
1503033409,18731863,39.09,2.90000000,0
1503033395,18731842,39.05,6.77962298,0
1503033394,18731841,39.05,2.49693735,0
1503033394,18731840,39.00,0.54306265,0
1503033383,18731815,39.05,0.72343967,0
1503033383,18731814,39.04,0.27656033,0
1503033372,18731798,38.99,0.82000000,0
1503033367,18731797,39.03,1.70200000,0
1503033366,18731795,39.00,2.00000000,0
1503033365,18731793,39.00,26.47415481,0
1503033364,18731792,39.00,50.00000000,0
1503033363,18731790,39.00,0.02000000,0
1503033363,18731789,38.99,0.98000000,0
1503033359,18731788,39.00,1.00000000,0
1503033356,18731786,39.00,4.00000000,0
1503033353,18731782,39.00,7.84000000,0
1503033353,18731781,38.99,1.16000000,0
1503033344,18731772,38.99,1.38000000,0
1503033335,18731760,38.99,1.64000000,0
1503033322,18731741,38.99,0.48352365,1
1503033321,18731736,38.99,0.30786825,1
1503033321,18731735,38.99,1.21000000,1
1503033321,18731734,38.99,0.42213175,1
1503033313,18731731,38.99,0.79000000,0
1503033308,18731725,39.00,1.00666666,0
1503033308,18731722,39.00,31.41692306,0
1503033307,18731721,39.00,1.00000000,0
1503033307,18731720,39.00,3.66410258,0
1503033307,18731716,38.99,1.21000000,0
1503033266,18731674,39.00,5.33589742,0
1503033266,18731673,38.99,0.81000000,0
1503033263,18731668,38.99,0.90000000,0
1503033240,18731647,38.99,2.55834829,0
1503033016,18731582,38.99,1.16636000,0
1503032939,18731574,38.99,1.13005000,0
1503032924,18731571,38.99,1.99536000,0
1503032906,18731560,38.99,1.77843500,0
1503032906,18731559,38.99,0.14000000,0
1503032569,18731429,38.99,1.01999970,1
1503032569,18731428,38.99,0.14000000,0
1503032569,18731427,38.93,0.06754530,0
1503032517,18731358,38.93,3.00000000,0
1503032463,18731278,38.90,10.14000000,1
1503032462,18731277,38.91,10.00000000,0
1503032391,18731196,38.89,0.14000000,0
1503032372,18731168,38.81,3.00000000,0
1503032370,18731167,38.80,0.84000000,1
1503032370,18731164,38.80,31.88324256,0
1503032369,18731163,38.79,0.21000000,0
1503032369,18731161,38.79,50.00000000,0
1503032365,18731155,38.80,1.23000000,0
1503032364,18731154,38.80,1.23000000,0
1503032364,18731152,38.80,1.77000000,0
1503032363,18731150,38.79,1.23000000,0
1503032358,18731142,38.80,13.88675744,0
1503032358,18731141,38.80,46.64982156,0
1503032357,18731140,38.80,2.75933000,0
1503032357,18731137,38.80,72.85381700,0
1503032357,18731136,38.79,2.48000000,0
1503032350,18731114,38.79,2.95000000,0
1503032265,18731045,38.80,13.70084300,0
1503032264,18731044,38.80,0.83206300,0
1503032263,18731043,38.79,3.86793700,0
1503032263,18731041,38.79,3.37206300,0
1503032260,18731039,38.80,62.05959400,0
1503032260,18731038,38.79,7.24000000,0
1503032260,18731037,38.79,0.14000000,0
1503032239,18731030,38.78,1.96000000,0
1503032232,18731020,38.74,9.80000000,0
1503032229,18731015,38.71,0.00001581,0
1503032228,18731014,38.71,0.33598419,0
1503032227,18731013,38.70,44.03281581,0
1503032224,18731010,38.70,2.19144600,0
1503032221,18731008,38.69,5.50926367,1
1503032185,18730987,38.70,3.77573819,0
1503032185,18730985,38.69,0.00048920,0
1503032184,18730984,38.69,4.54128181,1
1503032183,18730983,38.69,7.09822899,1
1503032183,18730982,38.69,0.14000000,0
1503032183,18730981,38.69,9.23140140,0
1503032182,18730980,38.69,16.46563307,0
1503032182,18730979,38.64,0.17500000,1
1503032174,18730974,38.69,8.50400000,0
1503032126,18730948,38.69,7.82482553,0
1503032126,18730947,38.68,11.75000000,0
1503032118,18730944,38.64,1.57500000,1
1503032081,18730938,38.64,8.25000000,1
1503032081,18730937,38.68,0.75000000,1
1503032080,18730936,38.68,12.25000000,0
1503032064,18730931,38.64,5.00000000,1
1503032062,18730924,38.68,12.00853154,0
1503032039,18730913,38.64,3.60000000,1
1503032022,18730906,38.68,16.63000000,0
1503032006,18730901,38.58,0.22775402,1
1503031999,18730895,38.59,0.50000000,1
1503031997,18730894,38.59,0.14000000,0
1503031974,18730889,38.47,9.12000000,1
1503031967,18730887,38.49,0.77400000,1
1503031963,18730886,38.49,0.14000000,0
1503031722,18730819,38.44,4.00000000,0
1503031715,18730818,38.42,1.00000000,0
1503031694,18730802,38.39,0.14000000,0
1503031531,18730745,38.23,16.19563812,1
1503031531,18730744,38.24,16.57000000,1
1503031480,18730713,38.35,4.50000000,1
1503031434,18730688,38.31,0.14000000,1
1503031410,18730673,38.29,0.14000000,0
1503031299,18730611,38.19,0.14000000,0
1503031203,18730520,38.09,0.14000000,0
1503030232,18730159,37.99,0.14000000,0
1503030220,18730151,37.97,1.20824000,1
1503030021,18730091,37.90,0.90000000,1
1503029926,18730070,37.82,0.90000000,1
1503029867,18730033,37.84,1.28968000,1
1503029863,18730032,37.84,0.90000000,1
1503027382,18728771,37.92,6.36880000,1
1503027373,18728767,37.92,3.24219000,1
1503026908,18728600,37.97,13.75000000,1
1503026906,18728598,37.94,0.80000000,0
1503026905,18728597,37.94,14.20000000,1
1503026902,18728594,37.94,5.80000000,1
1503026902,18728593,37.96,0.20000000,1
1503026500,18728471,38.25,53.41253921,0
1503026303,18728328,38.27,2.62683000,0
1503025576,18728034,37.96,11.77995618,1
1503025575,18728033,38.00,1.88891911,0
1503025575,18728032,38.00,15.00000000,1
1503025569,18728023,37.95,1.15188034,1
1503025569,18728022,37.99,7.45051405,0
1503025567,18728021,37.99,15.00000000,1
1503025567,18728020,37.99,1.15135561,1
1503025561,18728014,37.96,12.96550000,1
1503025560,18728013,37.98,15.00000000,1
1503025556,18728009,37.96,6.44100000,1
1503025556,18728008,37.96,15.00000000,1
1503025552,18728001,37.97,24.30369371,0
1503025550,18728000,37.97,2.32130629,1
1503025542,18727978,37.98,7.87500000,1
1503025542,18727977,37.99,15.00000000,1
1503025539,18727970,37.98,24.40505100,1
1503025534,18727965,37.96,4.79650892,0
1503025534,18727964,37.99,2.51892301,1
1503025534,18727963,37.99,1.24422000,0
1503025533,18727962,38.00,15.00000000,1
1503025531,18727961,38.07,0.52597207,1
1503025527,18727957,38.07,19.47402793,1
1503025525,18727955,38.10,7.52597207,1
1503025519,18727951,38.10,11.47402793,1
1503025518,18727950,38.20,11.60661221,1
1503025513,18727947,38.20,18.39338779,1
1503025506,18727941,38.28,24.75000000,1
1503025463,18727935,38.25,1.34318000,1
1503025444,18727933,38.41,12.43448609,1
1503025443,18727932,38.41,0.55041368,0
1503025077,18727764,38.47,0.00905957,1
1503025019,18727742,38.47,1.33422000,1
1503024952,18727716,38.68,21.55661840,0
1503024952,18727715,38.58,0.55422015,0
1503024950,18727714,38.57,3.69000000,0
1503024902,18727674,38.47,1.32503000,1
1503024812,18727660,38.47,5.43959043,1
1503024812,18727659,38.47,0.61604957,1
1503024789,18727643,38.47,3.42188363,1
1503024789,18727642,38.48,3.68335637,1
1503024758,18727640,38.49,2.04864000,1
1503024595,18727574,38.49,1.48791000,1
1503024488,18727561,38.49,1.31733000,1
1503024423,18727538,38.51,3.43488000,1
1503024417,18727537,38.49,1.56552000,1
1503024371,18727511,38.49,3.81000000,1
1503024370,18727509,38.48,0.38660000,1
1503024370,18727508,38.50,0.53240000,1
1503024367,18727507,38.48,0.53244363,0
1503024365,18727505,38.47,4.06996680,0
1503024364,18727502,38.47,0.00003320,0
1503024364,18727500,38.44,2.17000000,0
1503024364,18727499,38.40,0.93946000,0
1503024363,18727498,38.39,4.99840680,0
1503024094,18727415,38.10,11.00000000,1
1503024087,18727402,38.13,4.00000000,1
1503024083,18727393,38.13,4.00000000,1
1503024078,18727388,38.13,3.00000000,1
1503024075,18727387,38.13,3.00000000,1
1503023759,18727286,38.22,1.02533000,1
1503023734,18727279,38.12,1.24435000,1
1503023483,18727209,38.18,1.47414000,1
1503023477,18727206,38.18,1.47414000,1
1503023439,18727181,38.15,5.00150000,1
1503023437,18727180,38.14,1.45639000,1
1503023436,18727179,38.14,5.77913000,1
1503023433,18727177,38.12,1.44866000,1
1503023414,18727169,38.18,0.00003730,1
1503023414,18727167,38.19,0.14000000,1
1503023414,18727166,38.19,0.14000000,1
1503023413,18727165,38.19,0.71740000,1
1503022931,18726957,38.22,9.12176000,1
1503022903,18726951,38.20,5.68921000,1
1503022902,18726950,38.21,0.20000000,1
1503022352,18726791,38.23,0.20000000,1
1503022221,18726737,38.54,0.00340883,0
1503022221,18726736,38.52,2.27096117,0
1503022200,18726732,38.39,5.96070000,1
1503022110,18726718,38.49,2.02785000,1
1503021795,18726591,38.37,10.76460000,1
1503021701,18726514,38.30,31.35000000,0
1503021701,18726512,38.29,72.59000000,0
1503021571,18726450,38.30,0.14000000,1
1503021550,18726444,38.32,0.34880960,1
1503021508,18726422,38.32,1.99739040,1
1503021504,18726420,38.39,14.82543486,1
1503021504,18726418,38.39,2.34620000,1
1503021503,18726417,38.39,11.24775600,1
1503021503,18726416,38.39,12.39359700,1
1503021503,18726415,38.39,1.92251214,1
1503021503,18726414,38.39,14.16333786,1
1503021503,18726413,38.39,11.83179400,1
1503021500,18726411,38.39,5.26430900,1
1503021497,18726405,38.39,4.77532600,1
1503021493,18726401,38.39,6.70073314,1
1503021493,18726400,38.40,0.43126686,1
1503021492,18726399,38.40,42.30423314,1
1503021492,18726398,38.40,14.51907286,1
1503021485,18726392,38.40,12.98190400,1
1503021480,18726386,38.40,6.75868500,1
1503021476,18726385,38.40,8.47583814,1
1503021476,18726384,38.40,25.08666086,1
1503021466,18726380,38.40,6.94900000,1
1503021445,18726373,38.40,2.52154400,1
1503021443,18726372,38.40,6.37602700,1
1503021442,18726371,38.40,1.80226814,1
1503021442,18726370,38.40,11.19497486,1
1503021441,18726369,38.40,31.54052514,1
1503021441,18726368,38.40,5.32947486,1
1503021426,18726361,38.46,1.13000000,1
1503021419,18726356,38.46,6.00000000,1
1503021416,18726351,38.46,15.92800000,1
1503021416,18726350,38.46,11.42200000,1
1503021411,18726349,38.46,7.13000000,1
1503021410,18726347,38.46,1.00000000,1
1503021406,18726346,38.46,2.00000000,1
1503021398,18726338,38.46,1.50600000,1
1503021398,18726337,38.46,23.05800000,1
1503021398,18726336,38.47,44.61000000,1
1503021395,18726330,38.47,13.00000000,1
1503021384,18726318,38.47,13.00108400,1
1503021366,18726302,38.51,50.00000000,1
1503021366,18726301,38.53,23.07594787,1
1503021364,18726299,38.54,2.11500000,0
1503021352,18726293,38.53,8.66367900,1
1503021351,18726291,38.53,0.33637313,1
1503021351,18726290,38.55,1.00000000,1
1503021351,18726289,38.59,0.40900000,1
1503021351,18726288,38.61,23.35332387,1
1503021350,18726286,38.61,14.29441100,1
1503021349,18726285,38.61,8.00000000,1
1503021348,18726284,38.61,4.35226513,1
1503021348,18726283,38.61,4.42927187,1
1503021342,18726275,38.61,9.00000000,1
1503021340,18726273,38.61,14.26285807,1
1503021336,18726265,38.61,3.00000000,1
1503021334,18726263,38.61,2.64000000,1
1503021332,18726262,38.61,6.86731806,1
1503021331,18726259,38.61,0.28992800,1
1503021329,18726254,38.61,9.51062400,1
1503021329,18726253,38.61,12.35142700,1
1503021328,18726252,38.61,0.20454600,1
1503021327,18726251,38.61,0.49146900,1
1503021319,18726244,38.61,17.00000000,1
1503021319,18726240,38.61,10.09255800,1
1503021313,18726236,38.61,9.00000000,1
1503021312,18726234,38.62,22.71000000,0
1503021307,18726229,38.62,22.73000000,1
1503021306,18726228,38.62,0.86000000,1
1503021306,18726225,38.62,0.86000000,1
1503021306,18726224,38.62,27.45205000,1
1503021305,18726223,38.62,18.00000000,1
1503021303,18726220,38.62,0.90800000,1
1503021297,18726216,38.63,15.77302700,1
1503021297,18726215,38.63,9.33697300,1
1503021297,18726214,38.63,4.44900000,1
1503021297,18726213,38.63,4.44900000,1
1503021297,18726212,38.63,4.44900000,1
1503021295,18726211,38.65,3.18000000,1
1503021295,18726210,38.65,3.18000000,1
1503021295,18726209,38.65,3.18000000,1
1503021294,18726208,38.65,3.18000000,1
1503021294,18726207,38.65,3.18000000,1
1503021294,18726206,38.65,3.18000000,1
1503021294,18726205,38.65,3.18000000,1
1503021294,18726204,38.65,2.18000000,1
1503021207,18726163,38.65,0.50000000,1
1503021173,18726131,38.69,7.97414000,0
1503021173,18726130,38.69,0.14000000,0
1503021167,18726108,38.65,0.50000000,1
1503021166,18726107,38.65,0.82900000,0
1503021166,18726106,38.65,2.35100000,0
1503021134,18726082,38.64,1.48000000,1
1503021132,18726076,38.63,1.04300000,0
1503021131,18726074,38.63,1.04100000,0
1503021131,18726073,38.63,1.03900000,0
1503021131,18726072,38.63,0.28900000,0
1503021131,18726070,38.63,1.03700000,0
1503021130,18726068,38.62,3.13995000,1
1503021126,18726062,38.62,0.50000000,1
1503021125,18726057,38.61,0.86000000,0
1503021125,18726052,38.61,49.14000000,0
1503021125,18726049,38.60,0.86000000,0
1503021124,18726045,38.60,0.63500000,1
1503021124,18726043,38.60,0.63500000,1
1503021123,18726042,38.60,0.63500000,0
1503021118,18726037,38.60,0.40900000,0
1503021118,18726036,38.60,0.40900000,0
1503021118,18726035,38.60,0.40900000,0
1503021118,18726034,38.60,0.40900000,0
1503021118,18726033,38.60,0.40900000,0
1503021117,18726032,38.59,0.14000000,0
1503021117,18726031,38.58,0.26900000,0
1503021097,18726019,38.57,0.21000000,0
1503021080,18726008,38.56,1.68281000,1
1503021079,18726007,38.56,8.85752000,1
1503021068,18725998,38.54,1.00000000,0
1503021067,18725995,38.53,1.99000000,0
1503021066,18725994,38.53,0.72000000,0
1503021066,18725993,38.53,0.90200000,0
1503021066,18725992,38.52,0.31200000,0
1503021066,18725991,38.50,10.00000000,0
1503021066,18725990,38.50,4.00000000,0
1503021065,18725989,38.50,46.00000000,0
1503021065,18725988,38.50,4.00000000,0
1503021063,18725987,38.49,0.00001000,0
1503021061,18725986,38.49,17.43140000,0
1503021043,18725984,38.49,1.46709000,0
1503021006,18725954,38.47,0.50000000,1
1503020991,18725935,38.49,1.10150000,0
1503020991,18725934,38.49,0.14000000,0
1503020966,18725898,38.47,0.50000000,1
1503020915,18725882,38.47,0.50000000,1
1503020910,18725879,38.45,0.65800000,0
1503020909,18725878,38.45,2.18400000,0
1503020909,18725877,38.45,0.82900000,0
1503020909,18725876,38.45,9.83400000,0
1503020909,18725875,38.45,2.00400000,0
1503020909,18725874,38.45,6.89100000,0
1503020909,18725873,38.45,0.65800000,0
1503020869,18725844,38.41,0.06100000,1
1503020869,18725842,38.43,0.18900000,1
1503020868,18725841,38.43,0.85600000,0
1503020868,18725839,38.43,1.04500000,0
1503020868,18725838,38.43,0.88500000,0
1503020867,18725837,38.43,0.16000000,0
1503020867,18725836,38.43,1.04500000,0
1503020867,18725835,38.43,1.04500000,0
1503020866,18725834,38.42,1.04500000,0
1503020852,18725828,38.40,5.14152814,0
1503020852,18725827,38.40,12.00000000,0
1503020852,18725826,38.40,20.26449700,0
1503020852,18725825,38.40,29.73550300,0
1503020852,18725824,38.40,12.99999700,0
1503020851,18725823,38.40,0.00000300,0
1503020851,18725822,38.39,0.61000000,0
1503020851,18725821,38.39,0.14000000,0
1503020851,18725820,38.38,3.87500000,0
1503020845,18725818,38.33,0.50000000,1
1503020838,18725816,38.33,0.33900000,0
1503020838,18725815,38.33,0.49500000,0
1503020838,18725814,38.33,0.71900000,0
1503020838,18725813,38.33,1.04200000,0
1503020835,18725812,38.32,1.76400000,0
1503020835,18725811,38.32,0.48500000,0
1503020834,18725810,38.31,2.34620474,0
1503020823,18725803,38.29,0.14000000,0
1503020814,18725799,38.26,1.33340000,0
1503020811,18725798,38.25,2.56000000,0
1503020798,18725792,38.22,1.55120693,0
1503020798,18725791,38.22,0.87600000,0
1503020795,18725788,38.20,0.20000000,0
1503020794,18725787,38.19,0.14000000,0
1503020792,18725786,38.16,0.57736270,0
1503020787,18725785,38.17,0.15263730,1
1503020787,18725784,38.17,40.84736270,0
1503020780,18725776,38.16,0.87000000,0
1503020774,18725772,38.17,9.15163730,0
1503020774,18725771,38.17,40.84836270,0
1503020774,18725770,38.17,6.14990000,0
1503020772,18725768,38.16,1.17000000,0
1503020772,18725767,38.11,4.97987596,0
1503020770,18725762,38.11,2.28000000,0
1503020769,18725761,38.10,2.00000000,0
1503020769,18725760,38.09,0.14000000,0
1503020769,18725758,38.09,0.14000000,0
1503020765,18725749,38.07,0.50000000,1
1503020735,18725731,38.04,4.85559813,0
1503020728,18725727,38.01,16.28000000,0
1503020725,18725719,37.96,0.50000000,1
1503020720,18725712,38.01,40.87499200,0
1503020716,18725709,38.03,16.94500800,0
1503020716,18725708,38.00,1.72000000,0
1503020715,18725706,38.00,1.06000000,0
1503020713,18725705,38.00,0.14000000,0
1503020712,18725704,38.00,0.14000000,0
1503020712,18725701,37.99,0.14000000,0
1503020704,18725688,37.98,6.85984000,0
1503020684,18725661,37.93,0.50000000,1
1503020667,18725655,37.98,6.12000000,0
1503020657,18725650,37.93,0.07082000,1
1503020657,18725649,37.93,0.15200000,1
1503020644,18725645,37.93,0.50000000,1
1503020636,18725639,37.94,0.66200000,0
1503020632,18725637,37.92,0.65200000,0
1503020593,18725576,37.89,0.11000000,1
1503020593,18725573,37.90,0.14000000,1
1503020592,18725570,37.91,0.25000000,1
1503020586,18725567,37.89,0.14000000,0
1503020576,18725558,37.84,1.90635000,1
1503020563,18725545,37.83,3.00000000,1
1503020558,18725538,37.84,2.20671000,1
1503020524,18725507,37.79,0.50000000,1
1503020520,18725505,37.79,3.00000000,1
1503020498,18725484,37.82,6.40824961,1
1503020484,18725476,37.80,3.00000000,1
1503020483,18725475,37.80,0.50000000,1
1503020449,18725455,37.80,6.48280424,1
1503020441,18725445,37.74,3.00000000,1
1503020427,18725434,37.73,0.50000000,1
1503020415,18725398,37.68,3.00000000,1
1503020362,18725371,37.64,0.50000000,1
1503020336,18725367,37.60,0.00003877,0
1503020335,18725366,37.60,5.50460000,0
1503020081,18725153,37.36,0.50000000,1
1503019987,18725080,37.52,0.19396842,1
1503019979,18725075,37.49,0.50000000,1
1503019948,18725052,37.56,6.86198978,0
1503019947,18725049,37.57,9.36824830,0
1503019939,18725043,37.46,1.74571571,1
1503019921,18725036,37.48,0.50000000,1
1503019857,18725009,37.42,0.50000000,1
1503019734,18724946,37.46,0.50000000,1
1503019612,18724879,37.40,0.50000000,1
1503019595,18724871,37.38,1.25715708,1
1503019523,18724834,37.40,0.50000000,1
1503019494,18724819,37.37,0.29869182,0
1503019494,18724818,37.36,5.31527330,0
1503019493,18724814,37.31,4.50000000,1
1503019410,18724691,37.13,0.56894301,0
1503019410,18724690,37.12,3.34952740,0
1503019375,18724601,37.00,0.00006244,0
1503019157,18724332,36.86,19.00000000,1
1503019146,18724297,36.86,3.80079480,1
1503019146,18724295,36.87,1.19920520,1
1503019145,18724293,36.90,1.00000000,1
1503019140,18724277,36.91,1.66917000,1
1503019130,18724250,36.91,1.18909000,1
1503019103,18724170,37.00,26.73351351,1
1503019103,18724168,37.01,0.00000027,1
1503019102,18724156,37.01,7.99999973,1
1503019076,18724055,37.02,1.93057807,1
1503019074,18724047,37.04,8.06856000,1
1503019068,18724039,37.04,1.59144000,1
1503019026,18723982,37.05,6.56059380,1
1503018857,18723851,37.07,3.15160000,1
1503018808,18723824,37.09,1.00000000,0
1503018607,18723601,37.12,5.13134000,1
1503018600,18723593,37.12,3.79335000,1
1503018600,18723592,37.11,13.01505800,0
1503018600,18723591,37.11,10.26000000,1
1503018597,18723586,37.11,3.74155998,1
1503018597,18723585,37.20,0.93000002,1
1503018597,18723584,37.20,5.22711500,1
1503018597,18723583,37.21,0.93000000,1
1503018514,18723540,37.20,6.00000000,1
1503017931,18723200,37.28,2.96999500,0
1503017924,18723173,37.34,5.94931485,0
1503017920,18723152,37.26,3.09670281,0
1503017920,18723149,37.26,1.23771085,0
1503017918,18723138,37.26,0.35779317,0
1503017917,18723128,37.26,0.35779317,0
1503017915,18723112,37.27,1.24275885,0
1503017815,18722962,37.20,1.34000000,1
1503017815,18722961,37.22,0.20000000,1
1503017801,18722937,37.21,5.00000000,1
1503017773,18722864,37.21,14.75000000,1
1503017283,18722397,37.22,0.25000000,1
1503016524,18721846,37.61,0.00331872,0
1503016523,18721845,37.53,2.21236128,0
1503016402,18721793,37.61,1.23449000,0
1503016369,18721768,37.53,0.00558000,0
1503016369,18721767,37.50,3.72000000,0
1503015041,18721112,37.46,1.45768800,1
1503015041,18721111,37.47,18.29231200,1
1503015033,18721108,37.46,1.00000000,1
1503015025,18721107,37.47,5.00000000,1
1503015017,18721106,37.47,4.25000000,1
1503014516,18720773,37.38,0.80000000,1
1503013911,18720501,37.50,17.50000000,1
1503012263,18719468,37.71,0.66136303,0
1503011937,18719300,37.61,0.38074980,1
1503011369,18719070,37.73,0.37105751,1
1503011367,18719066,37.64,1.62912202,0
1503009678,18718151,37.72,23.50000000,1
1503009658,18718130,37.74,2.34622128,0
1503009658,18718129,37.74,16.40377872,0
1503009637,18718120,37.75,32.75000000,1
1503009615,18718092,37.73,17.50000000,1
1503009407,18717978,37.77,37.75000000,1
1503009281,18717893,37.66,40.00000000,1
1503009171,18717840,37.69,9.30000000,1
1503008929,18717629,37.79,21.24422863,0
1503008929,18717627,37.79,0.14000000,0
1503008928,18717626,37.78,26.42000000,0
1503008928,18717625,37.77,0.44395883,0
1503008928,18717624,37.77,2.14000000,0
1503008928,18717623,37.74,5.28000000,0
1503008928,18717622,37.69,0.14000000,0
1503008927,18717621,37.68,9.31000000,1
1503008926,18717620,37.68,27.39000000,0
1503008575,18717482,37.59,2.73142795,0
1503008575,18717481,37.59,0.14000000,0
1503008411,18717335,37.54,4.53163000,0
1503008376,18717314,37.50,2.08377000,0
1503007451,18716900,37.46,8.25000000,0
1503007451,18716899,37.46,5.00000000,1
1503007151,18716685,37.56,5.17225772,1
1503007149,18716684,37.49,0.14000000,0
1503006945,18716546,37.54,8.32941700,0
1503006676,18716400,37.55,11.39534914,1
1503006674,18716397,37.55,9.23984187,1
1503006674,18716396,37.57,0.00011100,1
1503006220,18716217,37.67,15.75997453,1
1503006181,18716208,37.67,18.71760607,1
1503006052,18716144,37.60,29.54996969,0
1503005578,18715950,37.57,1.00239527,1
1503005406,18715854,37.65,1.02284196,0
1503005359,18715818,37.58,19.89542277,1
1503005359,18715817,37.58,5.65457723,1
1503005133,18715645,37.59,50.35942041,1
1503005130,18715641,37.57,0.35057959,0
1503005129,18715640,37.57,5.91942041,1
1503005128,18715639,37.58,50.73000000,1
1503005124,18715636,37.59,2.56000000,1
1503005118,18715628,37.59,0.14000000,0
1503005097,18715616,37.58,15.00000000,1
1503005031,18715598,37.58,15.49914316,0
1503005031,18715597,37.57,14.59000000,0
1503004983,18715548,37.57,1.00839000,0
1503004964,18715539,37.58,17.69627461,0
1503004964,18715538,37.57,20.30000000,0
1503004335,18715087,37.62,4.76008500,1
1503004335,18715086,37.62,62.23000000,1
1503004335,18715084,37.67,1.53061495,1
1503004334,18715083,37.67,1.60102800,1
1503004333,18715082,37.67,2.16434856,0
1503004240,18714972,37.64,36.99920299,1
1503004237,18714966,37.63,25.99920277,1
1503004122,18714905,37.61,29.57910131,1
1503004114,18714898,37.61,2.42925554,1
1503004114,18714897,37.61,0.00094920,1
1503004111,18714883,37.61,31.36905080,1
1503004056,18714828,37.59,0.00725193,0
1503004042,18714823,37.59,0.13274807,0
1503004002,18714817,37.58,11.69000000,1
1503003999,18714816,37.57,13.89000000,0
1503003980,18714807,37.51,16.50000000,0
1503003979,18714805,37.49,0.14000000,0
1503003790,18714731,37.48,1.33084312,0
1503003595,18714622,37.35,0.24807166,1
1503003145,18714368,37.39,0.14000000,0
1503002813,18714174,37.51,17.00000000,1
1503002811,18714173,37.51,1.30672000,1
1503002763,18714096,37.49,0.14000000,0
1503001826,18713401,37.32,11.00000000,1
1503001748,18713318,37.69,21.93791456,1
1503001747,18713317,37.62,1.34500000,0
1503001747,18713315,37.59,2.22000000,0
1503001747,18713314,37.59,0.14000000,0
1503001746,18713312,37.58,1.02992448,0
1503001746,18713311,37.55,4.35000000,1
1503001746,18713310,37.55,21.74000000,1
1503001746,18713309,37.49,0.14000000,0
1503001744,18713307,37.39,0.14000000,0
1503001208,18712915,37.33,3.68000000,0
1503001208,18712914,37.33,13.07577284,0
1503001113,18712864,37.30,3.00000000,0
1503000063,18711994,37.33,2.67211358,0
1502999720,18711786,37.33,2.67211358,0
1502999565,18711624,37.25,2.83584081,1
1502999496,18711548,37.20,12.00000000,1
1502999400,18711492,37.32,1.33654877,0
1502999241,18711356,37.23,0.00018254,1
1502999232,18711351,37.23,10.11701746,1
1502999227,18711346,37.24,0.16066353,0
1502999182,18711328,37.28,0.00009280,1
1502999175,18711323,37.28,6.84059523,1
1502998163,18710612,37.26,9.57400000,1
1502997949,18710500,37.17,20.32875304,1
1502997948,18710499,37.18,15.00000000,1
1502997948,18710498,37.18,0.27000000,1
1502997810,18710350,37.19,0.99900000,1
1502997112,18709850,37.17,1.07344633,0
1502996993,18709790,37.06,45.00000000,1
1502996919,18709700,37.00,2.76648649,0
1502996780,18709597,37.00,0.23351351,0
1502996780,18709596,37.00,3.13000000,0
1502996780,18709595,37.00,10.27810811,0
1502996740,18709559,37.00,5.39189189,0
1502996553,18709181,36.99,0.27007299,0
1502996497,18708895,36.80,3.00000000,1
1502996491,18708879,36.81,14.72000000,1
1502996491,18708876,36.82,0.28000000,1
1502996463,18708750,36.90,1.00000000,1
1502996280,18708632,37.00,0.99982014,1
1502996225,18708604,37.12,0.27957538,0
1502996160,18708567,37.00,0.00017986,1
1502996160,18708566,37.00,4.05000000,1
1502996159,18708564,37.00,4.14152814,1
1502996152,18708554,37.00,1.00000000,1
1502996144,18708543,37.02,12.80829200,1
1502996144,18708542,37.02,7.19170800,1
1502996144,18708541,37.02,3.00000000,1
1502996119,18708504,37.02,4.00000000,1
