date,tid,price,amount,type
1503082469,18776515,44.50,15.99470400,0
1503082469,18776514,44.49,25.66129600,0
1503082456,18776512,44.52,0.40437400,0
1503082456,18776511,44.51,26.11162600,0
1503082439,18776502,44.55,0.00041000,0
1503082439,18776501,44.53,23.92359000,0
1503082428,18776489,44.53,2.64400000,0
1503082417,18776479,44.56,24.34200000,0
1503082404,18776467,44.55,3.17700000,0
1503082404,18776466,44.51,5.23000000,0
1503082397,18776458,44.52,0.36112160,0
1503082393,18776454,44.52,0.00041500,0
1503082393,18776453,44.51,27.50258500,0
1503082382,18776437,44.52,12.62191200,0
1503082382,18776436,44.51,27.99393800,0
1503082381,18776435,44.29,3.38415000,0
1503082379,18776431,44.30,6.61585000,1
1503082370,18776427,44.54,45.00000000,0
1503082358,18776419,44.59,1.91400000,0
1503082357,18776418,44.30,20.00000000,0
1503082347,18776406,44.51,3.42573300,0
1503082346,18776405,44.50,28.62426700,0
1503082330,18776374,44.56,0.00145400,0
1503082329,18776373,44.51,28.37054600,0
1503082324,18776359,44.23,40.94097830,1
1503082324,18776356,44.23,0.12660000,1
1503082324,18776350,44.24,39.00000000,0
1503082324,18776347,44.24,15.00000000,0
1503082323,18776339,44.36,2.01000000,0
1503082323,18776333,44.40,0.56306300,1
1503082317,18776325,44.56,13.58889600,0
1503082317,18776324,44.52,28.88310400,0
1503082316,18776318,44.41,2.15000000,1
1503082307,18776307,44.57,11.57900000,0
1503082306,18776304,44.56,42.00000000,0
1503082306,18776303,44.55,44.41300000,0
1503082295,18776295,44.58,14.57822700,0
1503082295,18776294,44.57,29.42177300,0
1503082284,18776290,44.62,100.00000000,0
1503082275,18776282,44.62,5.39143636,0
1503082273,18776280,44.63,11.25100000,0
1503082250,18776263,44.72,0.00023400,0
1503082250,18776261,44.71,30.19976600,0
1503082239,18776256,44.72,3.70000000,0
1503082228,18776252,44.73,25.15600000,0
1503082228,18776251,44.72,5.52000000,0
1503082212,18776236,44.76,0.00047100,0
1503082212,18776235,44.75,16.29852900,0
1503082207,18776226,44.55,2.94869995,1
1503082207,18776225,44.64,2.05130005,1
1503082202,18776223,44.75,14.94400000,0
1503082189,18776206,44.74,16.60100000,0
1503082178,18776190,44.75,20.36900000,0
1503082167,18776188,44.75,0.74000000,0
1503082156,18776180,44.77,26.71600000,0
1503082155,18776179,44.64,1.11600824,1
1503082150,18776174,44.64,0.12645176,1
1503082150,18776173,44.65,3.75754000,1
1503082150,18776171,44.66,0.12436000,1
1503082150,18776170,44.68,0.99164824,1
1503082096,18776141,44.79,0.00045700,0
1503082096,18776140,44.79,32.63254300,0
1503082043,18776098,44.89,13.63000000,0
1503082043,18776097,44.88,4.10000000,0
1503082042,18776096,44.88,20.52000000,0
1503082042,18776095,44.82,39.00000000,0
1503082016,18776064,44.76,15.36000000,0
1503082001,18776042,44.76,23.16000000,0
1503081997,18776036,44.68,7.17566000,1
1503081993,18776032,44.68,9.89426861,1
1503081993,18776031,44.70,5.10573139,1
1503081990,18776029,44.79,9.99400000,0
1503081988,18776027,44.70,2.28366891,1
1503081975,18776001,44.80,40.33626733,0
1503081952,18775994,44.70,20.00000000,1
1503081887,18775975,44.70,60.88422800,1
1503081845,18775947,44.70,10.09955300,1
1503081795,18775903,44.81,2.06222651,0
1503081795,18775902,44.80,14.05500000,0
1503081732,18775877,44.70,1.62681870,1
1503081732,18775876,44.72,0.37318530,1
1503081709,18775871,44.72,2.62681470,1
1503081709,18775870,44.73,0.00019783,1
1503081707,18775866,44.73,17.74223117,1
1503081693,18775856,44.73,29.32400000,1
1503081688,18775855,44.73,5.52040800,1
1503081687,18775853,44.73,50.52701400,1
1503081687,18775852,44.74,0.59137200,1
1503081687,18775851,44.74,3.00000000,1
1503081686,18775849,44.74,34.79862800,1
1503081686,18775847,44.74,3.00000000,1
1503081682,18775834,44.73,3.00000000,1
1503081680,18775832,44.73,52.58683700,1
1503081678,18775826,44.73,135.07142900,1
1503081676,18775824,44.81,14.71186000,0
1503081676,18775823,44.80,33.28814000,0
1503081673,18775820,44.73,2.00107500,1
1503081672,18775819,44.73,42.06248800,1
1503081672,18775818,44.73,42.85248600,1
1503081672,18775817,44.73,9.26482500,1
1503081668,18775810,44.73,99.00000000,1
1503081663,18775805,44.73,3.04700900,1
1503081659,18775804,44.78,46.00000000,0
1503081560,18775722,44.85,0.14000000,1
1503081519,18775696,44.79,63.43400000,0
1503081436,18775663,44.90,33.74561100,1
1503081420,18775657,44.90,32.67153000,1
1503081418,18775656,44.90,3.57458300,1
1503081407,18775654,44.90,3.94292712,1
1503081405,18775653,44.90,1.05707288,1
1503081387,18775644,44.90,0.23356700,1
1503081381,18775641,44.90,5.22947700,1
1503081373,18775634,44.90,19.54523200,1
1503081334,18775599,44.91,0.76200000,0
1503081305,18775551,44.93,0.72000000,0
1503080815,18775293,44.88,18.31100000,0
1503080808,18775284,44.83,19.48694343,0
1503080742,18775241,44.77,8.05000000,1
1503080737,18775237,44.80,1.95000000,1
1503080674,18775207,44.93,2.21000000,0
1503080674,18775206,44.93,11.04000000,0
1503080661,18775205,44.90,13.12000000,0
1503080645,18775194,44.99,11.56900000,0
1503080645,18775193,44.95,45.00000000,0
1503080644,18775192,44.90,3.24000000,0
1503080644,18775191,44.89,16.19000000,0
1503080632,18775183,44.91,2.51600000,0
1503080632,18775181,44.90,4.00000000,0
1503080632,18775178,44.89,19.99000000,0
1503080606,18775152,44.90,0.95000000,0
1503080560,18775141,44.74,1.01790966,0
1503080404,18775021,44.99,0.00000029,1
1503080365,18774998,45.05,0.88000000,0
1503080364,18774996,45.05,3.40000000,0
1503080357,18774991,44.99,13.21980900,1
1503080357,18774989,44.99,11.34235000,1
1503080320,18774960,45.01,0.72000000,0
1503080265,18774908,44.86,15.00000000,1
1503080203,18774853,44.91,1.00179700,1
1503080181,18774837,44.89,14.47000000,0
1503080171,18774826,44.89,16.75000000,0
1503080143,18774789,44.90,2.60100000,0
1503080120,18774755,44.91,8.93100000,0
1503080058,18774722,44.73,0.50000000,1
1503080045,18774713,44.90,3.46000000,0
1503080035,18774700,44.90,1.00000000,0
1503080022,18774683,44.89,5.02600000,0
1503080011,18774674,44.91,2.38000000,0
1503079995,18774655,44.92,5.00000000,0
1503079994,18774654,44.92,3.14000000,0
1503079983,18774632,44.98,20.07000000,0
1503079971,18774624,44.89,1.59000000,0
1503079971,18774623,44.74,15.00000000,0
1503079970,18774621,44.71,30.66490702,0
1503079968,18774611,44.71,1.65010898,0
1503079967,18774606,44.71,2.06000000,1
1503079967,18774605,44.72,15.00000000,1
1503079960,18774594,44.90,14.27000000,0
1503079959,18774584,44.69,2.05372214,0
1503079948,18774538,44.85,2.59000000,0
1503079936,18774532,44.92,22.90444295,0
1503079936,18774531,44.87,9.52555705,0
1503079936,18774530,44.86,67.57000000,0
1503079897,18774469,44.74,9.52600000,0
1503079896,18774467,44.74,10.96200000,0
1503079896,18774466,44.69,4.03800000,0
1503079894,18774462,44.74,2.05000000,1
1503079894,18774461,44.74,15.00000000,1
1503079894,18774460,44.74,30.00000000,1
1503079894,18774458,44.81,15.00000000,1
1503079891,18774447,44.80,5.52721875,1
1503079891,18774442,44.80,2.01073824,1
1503079890,18774439,44.81,8.96912200,1
1503079889,18774431,44.86,5.01000000,1
1503079888,18774424,44.80,8.05000000,1
1503079888,18774421,44.85,39.00000000,1
1503079887,18774415,44.87,2.70836700,1
1503079791,18774305,45.03,5.00000000,0
1503079783,18774302,44.98,2.88000000,0
1503079760,18774285,45.04,0.24000000,0
1503079759,18774284,45.02,16.47000000,0
1503079759,18774283,45.01,3.29000000,0
1503079759,18774282,45.01,37.00000000,0
1503079759,18774281,44.98,43.00000000,0
1503079748,18774278,45.01,38.00000000,0
1503079731,18774275,45.03,16.19200000,0
1503079712,18774266,44.81,3.64578138,1
1503079588,18774003,44.86,2.01000000,1
1503079588,18774001,44.91,0.15000000,1
1503079574,18773960,45.04,1.85000000,0
1503079568,18773955,44.91,1.85000000,1
1503079566,18773952,44.94,2.15000000,1
1503079378,18773672,45.22,32.93900000,0
1503079282,18773612,45.03,14.02434818,1
1503079282,18773610,45.11,0.15000000,1
1503079215,18773546,45.26,6.80487791,0
1503079173,18773519,45.14,0.36282800,1
1503079166,18773517,45.14,1.64550825,1
1503079164,18773516,45.14,1.13408000,1
1503079159,18773493,45.15,0.57000000,1
1503079069,18773422,45.26,0.56000000,0
1503078916,18773321,45.22,1.00000000,0
1503078533,18772782,45.00,15.99052700,1
1503078533,18772779,45.00,25.79800000,1
1503078532,18772778,45.01,15.00000000,1
1503078531,18772768,45.00,13.70730800,1
1503078531,18772764,45.00,40.79800000,1
1503078531,18772760,45.00,2.70616500,1
1503078530,18772757,45.00,1.00000000,1
1503078530,18772754,45.00,1.00000000,1
1503078530,18772747,45.05,10.00000000,1
1503078529,18772746,45.05,149.08004454,1
1503078529,18772745,45.05,50.71200000,1
1503078529,18772743,45.05,16.71500000,1
1503078529,18772739,45.05,177.70000000,1
1503078528,18772734,45.05,5.79295546,1
1503078528,18772731,45.06,13.58514754,1
1503078528,18772727,45.09,0.12216000,1
1503078513,18772669,45.19,18.52000000,1
1503078513,18772667,45.19,18.52000000,1
1503078512,18772664,45.19,8.55495170,1
1503078512,18772663,45.19,4.40574300,1
1503078510,18772654,45.20,23.40000000,1
1503078506,18772648,45.21,6.32249502,1
1503078464,18772611,45.27,0.20449200,0
1503078436,18772580,45.28,1.25403000,0
1503078418,18772562,45.35,0.15000000,0
1503078330,18772517,45.22,1.83556800,0
1503078325,18772511,45.22,2.00000000,0
1503078309,18772488,45.19,5.55930530,0
1503078309,18772486,45.19,18.52000000,0
1503078308,18772483,45.19,18.52000000,0
1503078308,18772480,45.19,18.52000000,0
1503078307,18772478,45.18,18.52000000,0
1503078302,18772469,45.19,131.11546300,0
1503078300,18772468,45.19,19.55146600,0
1503078298,18772465,45.19,54.88944300,0
1503078298,18772464,45.19,6.22986200,0
1503078297,18772461,45.19,92.00000000,0
1503078295,18772456,45.19,45.00000000,0
1503078295,18772455,45.19,15.00000000,0
1503078294,18772454,45.19,66.27000000,1
1503078247,18772407,45.28,1.27574887,1
1503078246,18772405,45.31,1.44434144,1
1503078246,18772404,45.31,1.44434144,1
1503078217,18772367,45.35,5.00000000,1
1503078215,18772365,45.54,7.13191041,1
1503078214,18772364,45.54,3.82000000,0
1503078196,18772330,45.77,31.72999124,0
1503078195,18772328,45.76,61.43741300,1
1503078195,18772325,45.67,49.00000000,0
1503078194,18772324,45.67,43.00618900,1
1503078194,18772322,45.58,4.72000000,0
1503078194,18772321,45.58,23.60000000,0
1503078194,18772320,45.57,30.57389100,0
1503078192,18772319,45.30,0.00000038,0
1503077920,18772078,45.30,6.93062200,0
1503077900,18772043,45.30,86.62000000,0
1503077900,18772042,45.29,17.38000000,0
1503077897,18772037,45.29,0.81000000,1
1503077894,18772031,45.29,18.19000000,0
1503077794,18771885,45.18,0.45484728,1
1503077788,18771870,45.20,0.00000014,1
1503077776,18771851,45.20,7.30712000,1
1503077759,18771821,45.20,3.88356900,1
1503077757,18771817,45.20,3.18244400,1
1503077748,18771775,45.20,7.30712000,1
1503077710,18771603,45.20,5.90000000,1
1503077634,18771475,45.30,2.94217377,0
1503077632,18771473,45.29,21.62000000,1
1503077620,18771462,45.28,67.42000000,0
1503077578,18771366,45.30,0.44061810,0
1503077576,18771336,45.30,9.14274686,0
1503077533,18771222,45.21,16.81531054,1
1503077533,18771216,45.21,1.51891100,1
1503077513,18771131,45.20,8.82715700,1
1503077513,18771128,45.20,7.76524400,1
1503077510,18771120,45.24,3.40759900,1
1503077499,18771071,45.25,10.22360488,0
1503077498,18771068,45.25,9.85639531,1
1503077498,18771065,45.28,20.00000000,1
1503077498,18771064,45.28,20.00000000,1
1503077497,18771063,45.29,12.42000000,1
1503077497,18771061,45.30,7.49999981,1
1503077496,18771058,45.30,6.48889219,1
1503077496,18771056,45.30,1.01110800,1
1503077493,18771045,45.29,55.00000000,1
1503077491,18771039,45.29,7.50000019,1
1503077489,18771022,45.38,12.49999981,1
1503077488,18771021,45.44,16.11421654,0
1503077474,18770902,45.27,18.73839100,0
1503077474,18770901,45.27,1.26160900,0
1503077350,18770609,45.35,2.98000000,1
1503077350,18770607,45.37,15.00000000,1
1503077349,18770601,45.39,2.00767000,1
1503077343,18770572,45.44,39.99999975,0
1503077335,18770539,45.39,18.68557046,1
1503077335,18770538,45.53,1.31442954,1
1503077335,18770533,45.39,0.69324046,0
1503077306,18770380,45.56,37.07310000,0
1503077306,18770378,45.54,16.07000000,0
1503077306,18770375,45.53,0.96306400,0
1503077304,18770362,45.53,2.24693600,0
1503077294,18770309,45.50,1.37320400,0
1503077293,18770307,45.50,8.42994800,0
1503077173,18770166,45.61,1.98000000,1
1503077164,18770157,45.61,15.00000000,1
1503077164,18770156,45.61,5.00000000,1
1503077126,18770110,45.72,0.15266842,0
1503077085,18770087,45.67,4.19619005,0
1503077074,18770071,45.63,21.25000000,1
1503077074,18770070,45.64,8.31736657,1
1503077054,18770030,45.74,0.15000000,0
1503076953,18769944,45.77,2.53015730,0
1503076953,18769941,45.77,18.11000000,0
1503076709,18769770,45.72,1.03580000,0
1503076379,18769365,45.64,14.00000000,1
1503076378,18769364,45.69,40.00000000,1
1503076378,18769363,45.76,40.00000000,1
1503076376,18769360,45.82,41.00000000,1
1503076245,18769287,45.71,1.99999975,1
1503075945,18769040,45.70,6.26060700,0
1503075938,18769031,45.66,1.07807800,1
1503075937,18769030,45.66,2.03320000,1
1503075931,18769019,45.66,9.82507200,1
1503075930,18769016,45.66,2.00000000,1
1503075929,18769011,45.66,9.80407100,1
1503075929,18769009,45.66,21.43179500,1
1503075882,18768976,45.74,0.15000000,0
1503075853,18768938,45.66,11.00000000,1
1503075845,18768926,45.66,77.00000000,1
1503075845,18768925,45.67,2.51999500,0
1503075795,18768894,45.67,0.52202288,0
1503075795,18768893,45.66,3.76000000,0
1503075327,18768458,45.72,23.86997431,0
1503075325,18768455,45.72,15.13000000,0
1503075313,18768450,45.74,0.63149978,0
1503075312,18768449,45.73,2.48000000,0
1503075034,18768182,45.82,79.00000000,0
1503075028,18768160,45.67,4.21000000,0
1503075028,18768157,45.65,21.05000000,0
1503074731,18767813,45.53,5.00000000,1
1503074523,18767640,45.67,0.25136851,0
1503074522,18767639,45.49,0.84406020,0
1503074187,18767268,45.49,23.72951139,0
1503074187,18767267,45.49,0.84448861,0
1503074158,18767212,45.49,2.15308795,0
1503074066,18767024,45.38,9.72825600,1
1503074023,18766981,45.55,13.13940724,0
1503073934,18766832,45.52,2.32046376,0
1503073928,18766826,45.52,2.32161098,0
1503073923,18766814,45.53,2.31931000,0
1503073922,18766810,45.53,2.31855555,0
1503073918,18766798,45.53,37.43443882,0
1503073804,18766586,45.62,4.97836765,0
1503073803,18766584,45.57,0.02163235,0
1503073724,18766454,45.57,7.50000000,0
1503073682,18766426,45.50,70.00000000,1
1503073599,18766372,45.65,1.03813800,0
1503073587,18766364,45.65,5.00000000,0
1503073401,18766198,45.46,0.00012554,1
1503073400,18766196,45.51,24.58987446,0
1503073399,18766194,45.51,1.00000000,1
1503073358,18766170,45.69,0.48000000,0
1503073357,18766169,45.68,1.52000000,0
1503073198,18766055,45.65,19.00000000,0
1503073143,18766009,45.65,19.66615553,0
1503073104,18765946,45.69,0.63486758,1
1503073015,18765804,45.51,8.30000000,1
1503072959,18765735,45.51,17.34629636,1
1503072947,18765696,45.51,13.63000000,0
1503072936,18765679,45.45,34.96100300,1
1503072885,18765643,45.43,16.19000000,0
1503072841,18765603,45.43,0.42000000,1
1503072838,18765601,45.43,23.58000000,0
1503072828,18765594,45.43,0.21000000,1
1503072825,18765588,45.43,23.79000000,0
1503072708,18765475,45.39,39.71578800,1
1503072652,18765422,45.33,1.02116998,1
1503072636,18765393,45.33,0.50000000,1
1503072529,18765247,45.33,2.09000000,1
1503072515,18765232,45.44,68.28944102,0
1503072514,18765230,45.43,2.29000000,1
1503072513,18765229,45.43,28.46000000,0
1503072477,18765179,45.42,32.08200000,0
1503072417,18764998,45.46,36.92067529,0
1503072412,18764980,45.46,82.93996041,0
1503072410,18764973,45.46,55.88431933,0
1503072403,18764958,45.47,9.62732762,0
1503072375,18764777,45.50,39.38600451,0
1503072345,18764662,45.51,1.23862887,1
1503072330,18764583,45.50,1.00000000,1
1503072301,18764543,45.51,4.50906559,1
1503072184,18764486,45.50,0.11186828,1
1503072184,18764485,45.50,8.24092800,1
1503072184,18764484,45.50,3.76153872,1
1503072184,18764483,45.50,2.83186787,1
1503072183,18764482,45.51,4.50906613,1
1503072182,18764481,45.51,2.19000000,1
1503072181,18764479,45.51,10.96000000,1
1503072177,18764468,45.57,0.25548285,0
1503072177,18764466,45.57,0.25548285,0
1503072177,18764464,45.57,0.25548285,0
1503072177,18764463,45.57,0.25548285,0
1503072177,18764461,45.57,0.25548285,0
1503072176,18764455,45.57,0.25548285,0
1503072176,18764453,45.57,0.25548285,0
1503072175,18764450,45.57,0.25548285,0
1503072175,18764448,45.57,0.25548285,0
1503072174,18764441,45.51,14.09000000,1
1503072174,18764438,45.57,0.25548285,0
1503072174,18764436,45.57,0.25548285,0
1503072174,18764433,45.57,0.25548285,0
1503072173,18764427,45.57,0.25548285,0
1503072173,18764425,45.57,0.24579420,0
1503072173,18764423,45.52,0.00968865,1
1503072172,18764421,45.52,0.25548285,1
1503072172,18764419,45.52,0.25548285,1
1503072172,18764418,45.54,0.25548285,1
1503072172,18764414,45.54,0.25548285,1
1503072171,18764411,45.54,0.25548285,1
1503072170,18764402,45.54,0.25548285,1
1503072170,18764401,45.54,0.25548285,1
1503072170,18764400,45.54,0.25548285,1
1503072169,18764397,45.54,0.25548285,1
1503072169,18764392,45.54,0.25548285,1
1503072169,18764389,45.54,0.25548285,1
1503072168,18764377,45.54,0.25548285,0
1503072167,18764370,45.54,0.25548285,0
1503072166,18764365,45.54,0.25548285,0
1503072166,18764363,45.54,0.25548285,0
1503072166,18764359,45.54,0.25548505,1
1503072165,18764357,45.54,0.25548505,1
1503072165,18764354,45.54,0.25548505,1
1503072165,18764351,45.54,3.64250200,0
1503072165,18764348,45.52,0.00000500,0
1503072164,18764341,45.52,25.28299500,0
1503072163,18764333,45.51,3.62000000,0
1503072163,18764332,45.51,0.25548505,0
1503072163,18764326,45.51,0.97722530,0
1503072162,18764322,45.50,13.87145676,0
1503072162,18764319,45.50,31.74906613,0
1503072158,18764291,45.50,0.92610226,0
1503072142,18764283,45.50,2.80337485,0
1503071954,18764038,45.48,0.61972400,0
1503071935,18764028,45.48,2.49684600,1
1503071898,18764013,45.48,10.50252200,0
1503071890,18764006,45.47,4.99994386,0
1503071859,18763981,45.48,4.12533837,0
1503071858,18763980,45.56,0.27981598,1
1503071838,18763958,45.56,0.27981598,0
1503071775,18763935,45.62,26.71357618,0
1503071775,18763934,45.61,17.76000000,0
1503071505,18763678,45.63,0.15000000,0
1503071498,18763675,45.59,13.60963800,1
1503071498,18763674,45.59,7.20889900,1
1503071498,18763673,45.59,2.71756100,1
1503071497,18763672,45.59,7.20889900,1
1503071497,18763671,45.59,42.97631200,1
1503071497,18763667,45.59,26.27869100,1
1503071487,18763653,45.63,2.09000000,1
1503071047,18763427,45.66,0.20640000,1
1503070916,18763389,45.65,3.31090000,0
1503070916,18763388,45.65,3.31090000,0
1503070916,18763387,45.65,3.31090000,0
1503070914,18763386,45.65,3.31090000,0
1503070914,18763385,45.65,3.31090000,0
1503070914,18763384,45.65,3.31090000,0
1503070914,18763383,45.65,3.31090000,0
1503070913,18763380,45.64,4.85000000,0
1503070822,18763248,45.45,33.90842027,1
1503070791,18763222,45.47,0.15000000,0
1503070687,18763140,45.46,1.43468141,1
1503070687,18763139,45.46,1.43468141,1
1503070594,18763066,45.66,0.00004087,1
1503070594,18763065,45.66,3.31090000,1
1503070585,18763062,45.66,28.80000000,1
1503070576,18763060,45.66,4.95000000,0
1503070576,18763058,45.49,0.66333600,0
1503070557,18763052,45.62,10.00078951,1
1503070469,18762964,45.46,15.06868204,1
1503070468,18762963,45.56,0.92043239,1
1503070447,18762950,45.46,1.57152690,1
1503070446,18762947,45.46,4.99978003,1
1503070377,18762853,45.45,112.44877500,1
1503070377,18762852,45.46,10.49548800,1
1503070377,18762851,45.46,19.94451200,1
1503070342,18762836,45.44,0.99566655,1
1503070308,18762816,45.43,0.21100000,1
1503070141,18762708,45.36,9.33000000,0
1503070113,18762690,45.38,25.21422500,1
1503070112,18762689,45.38,8.28577400,1
1503070102,18762678,45.36,9.33112874,0
1503070098,18762671,45.37,7.28798000,1
1503070098,18762670,45.37,30.00000000,1
1503070097,18762669,45.37,30.00000000,1
1503070097,18762666,45.37,7.17202000,1
1503070095,18762665,45.37,11.67000000,1
1503070095,18762664,45.36,13.87000000,0
1503070063,18762602,45.38,13.13100000,0
1503070032,18762583,45.41,4.59689000,1
1503069937,18762533,45.48,1.04330441,1
1503069933,18762529,45.48,20.25500000,1
1503069924,18762526,45.48,3.46000000,1
1503069924,18762524,45.48,17.32000000,1
1503069921,18762521,45.48,10.96935400,1
1503069915,18762518,45.48,4.25000000,0
1503069915,18762517,45.46,21.27000000,0
1503069910,18762516,45.41,0.46589443,1
1503069910,18762515,45.41,0.57103472,1
1503069837,18762488,45.41,4.47896528,1
1503069837,18762486,45.41,4.52103472,1
1503069837,18762483,45.41,11.00000000,1
1503069833,18762474,45.40,6.62721517,0
1503069831,18762466,45.41,5.06278483,1
1503069826,18762424,45.41,19.22704250,1
1503069824,18762406,45.41,5.06278483,1
1503069822,18762396,45.42,15.64000000,1
1503069822,18762395,45.43,3.13000000,1
1503069821,18762393,45.44,4.57983282,0
1503069821,18762392,45.42,2.98000000,0
1503069820,18762384,45.41,0.85066445,1
1503069820,18762382,45.41,1.09833000,1
1503069820,18762380,45.41,6.60647434,1
1503069820,18762378,45.41,5.04404316,1
1503069820,18762377,45.42,0.25609761,1
1503069820,18762375,45.42,0.25609761,1
1503069819,18762372,45.42,0.25609761,1
1503069819,18762368,45.42,0.25609761,1
1503069819,18762366,45.43,0.25609761,1
1503069819,18762363,45.45,0.25609761,0
1503069817,18762358,45.42,0.25615400,0
1503069817,18762357,45.42,0.25615400,0
1503069817,18762356,45.42,0.99901935,0
1503069817,18762353,45.42,0.25615400,0
1503069817,18762351,45.42,0.25615400,0
1503069816,18762341,45.42,0.25615400,0
1503069816,18762338,45.42,0.25615400,0
1503069815,18762337,45.42,0.65896081,0
1503069815,18762335,45.42,0.25615400,0
1503069815,18762334,45.42,0.25615400,0
1503069815,18762333,45.42,0.25615400,0
1503069796,18762312,45.28,0.20000000,0
1503069783,18762302,45.35,16.47300000,0
1503069778,18762298,45.39,1.25159726,1
1503069763,18762265,45.28,0.20000000,0
1503069735,18762162,45.45,34.86299119,1
1503069731,18762135,45.45,19.93700900,1
1503069703,18762064,45.45,20.00000000,1
1503069694,18762059,45.45,4.99999981,1
1503069683,18762042,45.45,9.00000000,1
1503069682,18762041,45.45,11.00000000,1
1503069675,18762030,45.45,0.20000000,0
1503069568,18761920,45.44,1.20700000,0
1503069560,18761916,45.44,0.50000000,0
1503069556,18761910,45.44,16.55217895,0
1503069520,18761890,45.51,1.77279718,1
1503069519,18761889,45.49,0.20000000,0
1503069518,18761888,45.20,55.82734586,1
1503069517,18761887,45.21,37.00000000,1
1503069517,18761886,45.22,2.02000000,1
1503069517,18761885,45.24,85.21500000,1
1503069517,18761884,45.25,26.62000000,1
1503069512,18761879,45.25,5.00000000,1
1503069512,18761878,45.26,15.00000000,0
1503069505,18761867,45.50,1.00000000,1
1503069106,18761537,45.51,0.40000000,1
1503069104,18761532,45.51,0.17438720,0
1503069081,18761498,45.52,16.49062888,0
1503069078,18761494,45.52,0.12000000,1
1503069078,18761493,45.52,2.98937112,1
1503068973,18761321,45.60,26.42151420,1
1503068963,18761313,45.60,19.60000000,1
1503068959,18761312,45.65,1.01840087,0
1503068958,18761311,45.60,0.40741900,1
1503068939,18761299,45.52,10.00000000,1
1503068923,18761292,45.52,19.60000000,1
1503068908,18761288,45.52,19.60000000,1
1503068876,18761261,45.52,3.71000000,1
1503068875,18761260,45.53,15.89000000,1
1503068842,18761235,45.53,19.60000000,0
1503068821,18761202,45.52,11.02919400,1
1503068819,18761201,45.52,137.09661500,1
1503068818,18761200,45.52,83.54954700,1
1503068818,18761199,45.52,94.08183481,1
1503068818,18761197,45.53,83.54954719,1
1503068795,18761182,45.54,16.98838379,0
1503068795,18761181,45.54,0.75230728,0
1503068795,18761180,45.54,3.01161621,0
1503068760,18761163,45.54,2.48884000,1
1503068745,18761159,45.53,3.01161621,1
1503068729,18761142,45.53,3.01161621,1
1503068717,18761130,45.54,3.01161621,1
1503068507,18760914,45.70,7.07980967,1
1503068457,18760872,45.70,13.17438720,1
1503068453,18760863,45.70,10.00000000,1
1503068451,18760860,45.70,8.66167600,1
1503068436,18760846,45.70,4.29204500,1
1503068433,18760843,45.70,20.00000000,1
1503068433,18760842,45.70,18.13446720,1
1503068431,18760839,45.70,1.86344700,1
1503068429,18760836,45.70,12.36860300,1
1503068384,18760785,45.70,3.01161621,1
1503068375,18760775,45.70,3.53866000,1
1503068365,18760767,45.70,96.00000000,1
1503068358,18760760,45.70,6.87258000,1
1503068354,18760756,45.72,0.15000000,1
1503068354,18760755,45.72,0.15000000,1
1503068286,18760678,45.71,1.17438720,1
1503068273,18760674,45.71,3.01161621,1
1503068265,18760671,45.71,1.17438720,1
1503068245,18760669,45.72,0.83126063,1
1503068245,18760668,45.72,0.36113299,1
1503068146,18760607,45.72,0.47000000,1
1503068018,18760452,45.72,0.00012764,0
1503068012,18760423,45.72,4.24756508,0
1503068012,18760422,45.72,0.73230728,0
1503067834,18760214,45.98,0.15000000,1
1503067660,18760057,45.85,0.49000000,1
1503067659,18760053,45.85,66.51000000,0
1503067628,18760026,45.94,0.15000000,0
1503067616,18759996,45.77,1.36402359,1
1503067596,18759981,45.75,1.05974271,1
1503067596,18759978,45.75,1.42604073,1
1503067593,18759964,45.75,19.98519900,1
1503067514,18759915,45.78,0.01480100,1
1503067513,18759912,45.78,19.98519900,0
1503067400,18759837,45.74,17.30990000,0
1503067345,18759801,45.77,19.98519900,1
1503067250,18759674,45.76,3.63053000,1
1503067249,18759672,45.76,0.96097800,1
1503067076,18759443,45.62,9.77673403,1
1503067038,18759391,45.53,12.52420000,1
1503067000,18759325,45.55,12.52440000,1
1503066990,18759288,45.53,2.41883000,1
1503066957,18759218,45.53,11.63840000,1
1503066950,18759211,45.71,1.43294683,0
1503066949,18759208,45.71,1.40647560,0
1503066897,18759101,45.52,4.98519900,1
1503066897,18759100,45.54,15.00000000,1
1503066879,18759067,45.53,13.56292000,1
1503066878,18759065,45.53,6.42227900,1
1503066859,18759034,45.53,8.98519900,1
1503066850,18759012,45.53,8.98519900,1
1503066848,18759006,45.52,11.00000000,1
1503066840,18758995,45.52,6.00000000,1
1503066833,18758986,45.52,5.05996900,1
1503066800,18758931,45.52,4.33914135,1
1503066798,18758927,45.52,12.56460000,1
1503066779,18758906,45.52,2.00000000,1
1503066757,18758875,45.52,16.50160900,1
1503066746,18758857,45.52,3.49839100,1
1503066744,18758851,45.64,14.99999975,0
1503066741,18758848,45.52,3.49839100,1
1503066733,18758838,45.52,16.50160900,1
1503066730,18758835,45.52,1.50000000,1
1503066729,18758831,45.52,1.99839100,1
1503066716,18758812,45.52,6.19613772,1
1503066714,18758806,45.52,10.46786228,1
1503066714,18758805,45.52,3.33600000,1
1503066709,18758796,45.52,4.17327000,1
1503066708,18758791,45.52,1.27699200,1
1503066706,18758786,45.52,0.44587572,1
1503066706,18758785,45.53,0.30000000,1
1503066699,18758757,45.52,0.74587572,1
1503066699,18758754,45.53,15.00000000,1
1503066698,18758752,45.67,10.74835479,0
1503066697,18758743,45.52,2.25412428,1
1503066697,18758742,45.61,2.00000000,1
1503066645,18758611,45.70,0.28794504,1
1503066645,18758610,45.70,0.24240096,1
1503066644,18758609,45.76,0.51996000,1
1503066613,18758556,45.76,5.64459420,1
1503066613,18758555,45.76,3.35540580,1
1503066508,18758360,45.76,1.17503030,1
1503066507,18758358,45.76,0.30115643,1
1503066415,18758259,45.76,1.01000500,0
1503066415,18758258,45.76,3.82496970,0
1503066317,18758119,45.70,0.04554452,1
1503066317,18758118,45.70,0.28794548,1
1503066312,18758107,45.70,0.28794548,1
1503066168,18757870,45.79,0.30115643,0
1503066162,18757857,45.80,0.30115643,0
1503066129,18757684,45.70,1.50000000,0
1503066106,18757644,45.85,28.43708798,1
1503066080,18757593,45.85,18.98999500,1
1503066064,18757560,45.85,18.98999500,1
1503066054,18757540,45.85,3.71215100,1
1503066054,18757539,45.85,2.23968600,1
1503066046,18757517,45.94,1.32849000,0
1503065996,18757257,46.00,86.01463621,1
1503065995,18757253,46.00,4.85637000,1
1503065995,18757250,46.00,4.92818500,1
1503065992,18757231,46.00,57.79499139,1
1503065992,18757228,46.00,32.20500861,1
1503065990,18757224,46.00,19.99999500,1
1503065973,18757191,46.00,2.44130000,1
1503065956,18757166,46.00,0.92818500,1
1503065956,18757165,46.00,4.00000000,1
1503065951,18757161,46.00,1.37858000,1
1503065944,18757158,46.00,5.83281600,1
1503065938,18757149,46.00,19.99999500,1
1503065930,18757130,46.00,10.00000000,1
1503065914,18757107,46.00,3.21412039,1
1503065897,18757093,46.06,4.78360000,1
1503065891,18757089,46.06,15.22783000,1
1503065867,18757043,46.06,5.00000000,1
1503065866,18757042,46.06,5.00000000,1
1503065847,18757031,46.06,19.99999500,1
1503065838,18757001,46.06,5.00000000,1
1503065838,18757000,46.06,5.00000000,1
1503065817,18756980,46.27,4.40371731,0
1503065797,18756946,46.06,5.00000000,1
1503065797,18756945,46.06,4.51285320,1
1503065797,18756944,46.06,0.48714680,1
1503065792,18756940,46.28,3.84680207,1
1503065787,18756936,46.28,0.80777883,0
1503065784,18756934,46.06,0.00213000,1
1503065784,18756933,46.07,1.42000000,1
1503065754,18756896,46.06,9.51072320,0
1503065688,18756777,46.30,1.41201167,1
1503065674,18756765,46.30,4.29399412,1
1503065674,18756764,46.30,0.70600588,1
1503065674,18756763,46.30,4.99999991,1
1503065674,18756762,46.35,0.00000009,1
1503065668,18756755,46.35,49.99999991,1
1503065668,18756754,46.35,19.10000000,1
1503065668,18756752,46.35,19.10000000,1
1503065668,18756751,46.35,24.02339109,1
1503065654,18756733,46.35,5.00000000,1
1503065654,18756732,46.35,5.00000000,1
1503065636,18756715,46.35,5.00000000,1
1503065636,18756714,46.35,5.00000000,1
1503065624,18756703,46.35,5.00000000,1
1503065624,18756702,46.35,0.97660891,1
1503065624,18756701,46.35,4.02339109,1
1503065613,18756674,46.35,9.00922775,1
1503065535,18756617,46.35,4.53256828,1
1503065511,18756612,46.36,8.40999500,0
1503065511,18756611,46.36,1.00000000,0
1503065504,18756603,46.36,4.00000000,1
1503065503,18756602,46.36,5.00000000,1
1503065491,18756577,46.50,44.02780975,1
1503065490,18756575,46.50,8.78084900,1
1503065487,18756573,46.50,2.62024500,1
1503065484,18756572,46.50,7.50955225,1
1503065476,18756570,46.51,11.59000000,0
1503065467,18756564,46.51,5.00000000,1
1503065455,18756555,46.50,6.33525000,1
1503065204,18756331,46.51,5.00000000,1
1503065204,18756330,46.51,4.83453488,1
1503065204,18756329,46.59,0.16546512,1
1503065095,18756232,46.51,13.76833352,1
1503065086,18756213,46.50,24.58740400,1
1503065013,18756102,46.50,1.13889000,1
1503064975,18756076,46.50,105.00000000,1
1503064945,18756059,46.54,13.58184325,1
1503064945,18756058,46.54,0.41815650,1
1503064942,18756057,46.59,3.21163340,0
1503064788,18755964,46.62,4.57275144,0
1503064753,18755953,46.51,2.52669475,1
1503064653,18755918,46.59,4.99948209,1
1503064477,18755839,46.53,100.00000000,1
1503064457,18755829,46.61,0.00000016,1
1503064417,18755780,46.61,50.99999984,1
1503064416,18755779,46.62,0.00000016,1
1503064416,18755777,46.62,56.46688900,1
1503064315,18755672,46.62,16.57603690,1
1503064216,18755615,46.62,3.26623000,1
1503064207,18755611,46.62,0.47000000,1
1503064195,18755602,46.62,1.32084394,1
1503064179,18755597,46.62,1.90000000,1
1503064174,18755595,46.62,13.47223000,1
1503064171,18755593,46.62,3.26459000,1
1503064166,18755590,46.62,3.26318000,1
1503064143,18755582,46.62,3.26318000,1
1503064084,18755559,46.74,6.01327000,0
1503063972,18755493,46.66,1.24117000,0
1503063970,18755492,46.53,1.77240677,0
1503063784,18755313,46.68,12.58498726,0
1503063770,18755291,46.53,20.00000000,1
1503063718,18755221,46.87,0.62089000,0
1503063717,18755219,46.87,2.12040000,0
1503063716,18755218,46.87,1.37960000,0
1503063716,18755217,46.48,33.33036876,0
1503063715,18755216,46.51,20.00000000,0
1503063715,18755215,46.64,4.99650244,1
1503063715,18755214,46.64,1.92864994,1
1503063715,18755213,46.64,0.74447886,1
1503063715,18755208,46.65,8.16822939,1
1503063713,18755206,46.66,15.00000000,1
1503063709,18755181,46.65,1.83177061,1
1503063708,18755180,46.67,1.06449539,1
1503063708,18755178,46.79,0.03343400,1
1503063643,18755139,46.78,3.62000000,0
1503063563,18755081,46.84,2.06220000,0
1503063563,18755080,46.84,3.74000000,0
1503063558,18755075,46.64,5.00000000,0
1503063550,18755065,46.51,1.82840000,1
1503063529,18755040,46.66,3.94768182,1
1503063528,18755038,46.66,12.50020000,1
1503063520,18755035,46.64,5.00000000,1
1503063519,18755034,46.64,19.80000000,1
1503063478,18755017,46.80,18.88075900,1
1503063438,18754996,46.78,17.99000000,1
1503063425,18754985,46.77,6.94200000,1
1503063417,18754978,46.82,8.00000000,1
1503063413,18754965,46.82,0.20000000,1
1503063413,18754964,46.82,2.00000000,1
1503063409,18754958,46.75,18.70246106,1
1503063409,18754957,46.80,0.89023894,1
1503063407,18754952,46.80,36.10976106,0
1503063404,18754940,46.80,61.48000000,0
1503063404,18754939,46.77,3.09000000,0
1503063404,18754937,46.77,15.43000000,0
1503063385,18754914,46.56,1.00000000,1
1503063376,18754898,46.70,2.33083500,1
1503063355,18754871,46.70,20.00000000,1
1503063355,18754868,46.70,2.60877945,0
1503063174,18754633,46.44,19.55905000,1
1503063171,18754632,46.44,3.00000000,1
1503063168,18754630,46.51,3.05195500,1
1503063063,18754554,46.48,1.80824061,0
1503063063,18754553,46.48,0.15936300,0
1503063035,18754456,46.36,10.36141962,1
1503062930,18754252,46.52,50.59000000,1
1503062918,18754234,46.66,2.60000000,0
1503062918,18754232,46.66,12.71893048,0
1503062917,18754227,46.70,27.39122055,0
1503062917,18754226,46.67,2.60000000,0
1503062916,18754220,46.61,13.02000000,0
1503062835,18754152,46.44,0.47000000,1
1503062835,18754151,46.45,15.00000000,1
1503062833,18754150,46.50,0.93703682,0
1503062833,18754149,46.49,3.82000000,0
1503062825,18754146,46.35,1.53481288,0
1503062825,18754145,46.35,50.00000000,0
1503062825,18754144,46.35,50.00000000,0
1503062824,18754143,46.34,19.10000000,0
1503062809,18754129,46.34,15.00000000,0
1503062809,18754128,46.34,0.55943685,1
1503062808,18754126,46.34,9.43378815,0
1503062808,18754125,46.34,17.00677500,0
1503062803,18754112,46.34,8.61322500,0
1503062775,18754070,46.35,1.00000000,1
1503062774,18754069,46.35,10.36518712,1
1503062767,18754055,46.44,5.00000000,0
1503062697,18753928,46.50,1.24430107,0
1503062520,18753662,46.36,3.61621185,1
1503062520,18753659,46.44,1.95000000,1
1503062153,18753318,46.48,5.00000000,0
1503062120,18753305,46.50,45.70266129,0
1503062113,18753303,46.50,48.94731182,0
1503062111,18753300,46.50,3.16868900,0
1503062110,18753298,46.49,12.39753700,0
1503062109,18753294,46.49,3.93246300,1
1503062109,18753289,46.49,7.69753200,0
1503062108,18753288,46.49,3.93246800,0
1503062073,18753228,46.63,5.00000000,0
1503062050,18753209,46.61,5.00000000,0
1503062034,18753188,46.64,5.00000000,0
1503062003,18753144,46.63,4.42433000,0
1503061940,18753062,46.55,5.00000000,0
1503061899,18753006,46.52,19.59000000,1
1503061896,18753001,46.52,0.41000000,0
1503061896,18753000,46.52,40.59000000,0
1503061812,18752928,46.40,11.63450925,1
1503061787,18752900,46.62,5.00000000,0
1503061783,18752898,46.61,5.00000000,0
1503061723,18752792,46.41,39.25600000,1
1503061722,18752790,46.45,5.00000000,0
1503061720,18752779,46.45,4.55300000,0
1503061628,18752659,46.58,5.00000000,0
1503061426,18752558,46.69,1.12000000,0
1503061426,18752557,46.68,3.88000000,0
1503061286,18752480,46.69,4.75510000,0
1503061239,18752432,46.69,0.92375400,0
1503061193,18752391,46.69,4.35542444,0
1503061176,18752374,46.69,0.64457556,0
1503061163,18752358,46.69,4.99999696,0
1503061163,18752357,46.68,0.00000304,0
1503061142,18752346,46.68,0.83426696,1
1503061133,18752338,46.55,0.00003304,0
1503061118,18752333,46.55,13.70898746,0
1503061116,18752332,46.55,4.00000000,1
1503061116,18752331,46.55,29.70000000,1
1503061084,18752322,46.64,0.64697858,0
1503061069,18752318,46.64,1.00000000,0
1503061037,18752304,46.63,1.00000000,0
1503061035,18752302,46.63,0.24490000,0
1503061035,18752301,46.63,7.96000000,0
1503061025,18752296,46.64,0.57109190,0
1503061006,18752291,46.66,1.00000000,0
1503060974,18752271,46.50,1.00000000,0
1503060956,18752250,46.49,0.64494774,0
1503060954,18752247,46.49,0.87379183,0
1503060943,18752240,46.49,5.00000000,0
1503060935,18752237,46.35,39.63481288,1
1503060935,18752236,46.36,15.44196900,1
1503060933,18752234,46.44,0.25981812,1
1503060916,18752225,46.49,5.00000000,0
1503060909,18752218,46.49,5.00000000,0
1503060907,18752214,46.49,4.75510000,0
1503060878,18752206,46.49,5.00000000,0
1503060869,18752205,46.49,5.00000000,0
1503060813,18752153,46.49,5.00000000,0
1503060785,18752138,46.50,5.00000000,0
1503060782,18752136,46.50,135.00000000,1
1503060696,18752085,46.58,5.00000000,1
1503060661,18752045,46.50,42.50000000,1
1503060661,18752044,46.52,5.00000000,1
1503059975,18751215,46.94,5.52964729,0
1503059974,18751211,46.94,9.95038330,0
1503059972,18751205,46.96,19.96375441,0
1503059972,18751203,46.95,15.48000000,0
1503059970,18751199,46.83,4.50650100,1
1503059961,18751189,46.95,64.86987808,0
1503059774,18751052,46.88,33.68034360,0
1503059768,18751051,46.88,2.54859500,0
1503059768,18751050,46.88,0.23180000,0
1503059768,18751049,46.88,0.23180000,0
1503059767,18751048,46.88,0.23180000,0
1503059767,18751047,46.88,0.23180000,0
1503059767,18751046,46.88,0.23180000,0
1503059767,18751045,46.88,0.23180000,0
1503059767,18751044,46.88,0.23180000,0
1503059767,18751043,46.87,0.82880500,0
1503059760,18751041,46.87,12.16119500,0
1503059760,18751040,46.87,5.00000000,0
1503059749,18751036,46.87,5.00000000,0
1503059718,18751023,46.87,2.01379254,0
1503059718,18751022,46.86,2.98620746,0
1503059696,18751006,46.78,22.70000000,0
1503059687,18751004,46.86,5.00000000,0
1503059682,18751002,46.78,26.97000000,0
1503059655,18750990,46.80,5.00000000,0
1503059519,18750926,46.84,2.01345004,0
1503059492,18750899,46.72,23.30021408,1
1503059491,18750896,46.72,9.99978592,1
1503059418,18750814,46.87,16.38916151,0
1503059034,18750586,46.88,0.23178900,1
1503059002,18750579,46.88,15.01000000,0
1503059002,18750578,46.87,3.00000000,0
1503058894,18750509,46.88,16.42596700,0
1503058894,18750508,46.86,3.64000000,0
1503058779,18750461,46.68,1.00000000,1
1503058600,18750394,46.80,11.85235042,0
1503058326,18750237,46.83,0.11000000,0
1503058192,18750147,46.87,4.06210600,1
1503058192,18750146,46.87,2.14789400,1
1503058191,18750145,46.92,1.00000000,1
1503058189,18750144,46.93,36.02000000,0
1503058182,18750134,46.95,11.74771400,1
1503058182,18750132,46.95,5.79810000,1
1503058182,18750131,46.95,1.00000000,1
1503058181,18750129,46.95,20.24418600,1
1503058181,18750128,46.95,1.00000000,1
1503058180,18750126,46.96,45.32693800,1
1503058071,18750065,46.99,1.81606200,1
1503058052,18750045,46.94,6.54129300,1
1503058043,18750040,47.00,5.80473299,0
1503057981,18750005,46.89,5.67000000,0
1503057969,18750000,46.89,6.74000000,0
1503057957,18749998,46.87,17.10000000,1
1503057952,18749996,46.89,8.00000000,0
1503057945,18749992,46.87,5.85775000,1
1503057942,18749989,46.90,50.00000000,0
1503057939,18749983,46.89,9.51000000,0
1503057882,18749949,46.89,6.45981300,0
1503057871,18749944,46.89,3.05018700,0
1503057869,18749941,46.89,6.45981300,0
1503057655,18749826,46.87,0.18412000,0
1503057551,18749773,47.00,113.60043855,1
1503057550,18749771,47.00,41.62053000,1
1503057550,18749770,47.00,3.17365500,1
1503057549,18749769,46.99,45.00000000,0
1503057549,18749768,46.98,156.25200000,0
1503057548,18749767,46.97,40.00000000,0
1503057548,18749766,46.92,44.00000000,0
1503057548,18749765,46.91,14.25700000,0
1503057548,18749764,46.90,40.00000000,0
1503057547,18749763,46.85,2.20000000,0
1503057547,18749762,46.85,11.01000000,0
1503057504,18749720,46.89,10.31987700,0
1503057504,18749719,46.87,2.26000000,0
1503057504,18749718,46.84,37.42012300,0
1503057480,18749712,46.89,4.31000000,0
1503057480,18749711,46.88,28.99000000,0
1503057480,18749710,46.88,13.92000000,0
1503057480,18749709,46.84,2.78000000,0
1503057088,18749533,46.81,0.16000000,1
1503057033,18749501,46.86,1.06444729,0
1503056845,18749425,46.65,0.00000032,0
1503056842,18749424,46.65,59.21115200,0
1503056832,18749420,46.65,1.36437513,0
1503056829,18749419,46.65,13.22252400,0
1503056826,18749417,46.65,2.09562487,0
1503056826,18749414,46.64,16.54000000,0
1503056782,18749398,46.58,2.64438438,1
1503056731,18749385,46.56,4.07556300,0
1503056692,18749356,46.58,37.00000000,0
1503056444,18748953,46.56,0.13897300,0
1503056428,18748870,46.44,0.51900000,0
1503056423,18748836,46.44,11.25000000,0
1503056422,18748818,46.45,88.23100000,1
1503056420,18748811,46.59,0.50000000,0
1503056415,18748774,46.50,4.96039780,0
1503056415,18748772,46.50,0.00000020,1
1503056400,18748699,46.50,1.45902200,1
1503056399,18748689,46.50,38.00000000,1
1503056398,18748679,46.50,17.11176300,1
1503056388,18748634,46.64,5.00000000,0
1503056352,18748606,46.65,14.10632368,0
1503056311,18748597,46.70,45.00000000,0
1503056299,18748591,46.60,20.00000000,1
1503056211,18748574,46.83,5.57210436,0
1503056176,18748555,46.83,45.99999976,0
1503056176,18748554,46.83,3.00000000,0
1503056170,18748552,46.83,0.61527770,1
1503056169,18748551,46.83,9.38472230,1
1503056160,18748540,46.91,3.17620900,0
1503055972,18748471,47.06,1.68442860,0
1503055971,18748470,47.06,3.31557140,0
1503055488,18748124,46.70,11.15404570,1
1503055444,18748089,46.91,4.56000000,1
1503055443,18748088,46.91,22.82000000,1
1503055419,18748066,46.93,17.10004953,1
1503055355,18748033,47.00,16.23255318,0
1503055352,18748030,47.00,5.67743514,0
1503055349,18748028,47.00,70.80000000,1
1503055344,18748023,47.00,0.20000000,1
1503055342,18748022,47.00,29.00000000,1
1503055221,18747952,47.05,33.57000000,0
1503055220,18747950,47.08,66.43000000,1
1503055145,18747892,47.10,1.24206800,1
1503055017,18747823,47.08,115.73477400,0
1503055017,18747822,47.07,7.30000000,0
1503054990,18747774,47.08,3.70022600,0
1503054990,18747773,47.07,8.67000000,0
1503054973,18747754,47.04,33.41271394,0
1503054953,18747742,47.00,1.00000000,0
1503054953,18747740,46.98,9.23000000,0
1503054946,18747737,46.98,4.08000000,0
1503054716,18747483,46.70,3.75000000,0
1503054532,18747373,46.43,0.25981812,1
1503054526,18747351,46.50,1.08923753,1
1503054526,18747350,46.51,1.08847629,1
1503054511,18747314,46.51,7.96660300,1
1503054511,18747313,46.51,7.38129963,1
1503054511,18747312,46.51,1.08923800,1
1503054508,18747309,46.58,4.19666233,0
1503054503,18747303,46.59,4.19666233,0
1503054500,18747298,46.55,100.00000000,1
1503054499,18747295,46.60,4.32957369,0
1503054490,18747290,46.65,4.19954908,0
1503054462,18747280,46.70,4.34142047,0
1503054412,18747267,46.77,23.85207354,0
1503054408,18747263,46.78,33.01646002,0
1503054407,18747253,46.78,9.65070542,0
1503054402,18747249,46.78,0.00002472,1
1503054401,18747248,46.78,15.15000000,0
1503054397,18747240,46.78,53.00000000,0
1503054393,18747239,46.79,11.24156497,1
1503054386,18747230,46.85,3.59997008,0
1503054375,18747219,46.86,0.00002992,0
1503054375,18747218,46.86,18.00000000,0
1503054354,18747212,46.87,11.26182129,0
1503054307,18747169,46.89,21.39000000,0
1503054187,18747061,46.88,10.00000000,0
1503054078,18747020,46.86,7.34187943,0
1503054077,18747018,46.85,0.00000919,0
1503054075,18747014,46.85,49.99999081,1
1503054069,18747009,46.86,5.37777200,1
1503054065,18747004,46.87,1.37742668,0
1503054064,18747002,46.85,0.00000024,0
1503053859,18746854,46.56,3.37847971,1
1503053859,18746853,46.72,0.38972719,1
1503053859,18746852,46.72,2.82802038,1
1503053859,18746851,46.73,2.92167772,1
1503053859,18746850,46.74,20.48209500,1
1503053849,18746845,46.85,3.49999976,0
1503053806,18746823,46.84,50.25926729,1
1503053769,18746791,46.80,21.30700000,1
1503053756,18746775,46.86,0.01000000,1
1503053756,18746774,46.87,38.00000000,1
1503053748,18746766,46.85,0.00011140,0
1503053734,18746758,46.85,16.29700724,0
1503053731,18746752,46.85,3.60124664,0
1503053729,18746745,46.85,80.10163472,0
1503053673,18746717,46.76,8.61716000,0
1503053667,18746711,46.76,0.70108279,1
1503053595,18746649,46.74,2.38000000,1
1503053588,18746636,46.73,57.96660300,0
1503053588,18746634,46.73,8.66292776,0
1503053586,18746628,46.73,2.11350524,0
1503053586,18746627,46.72,2.83000000,0
1503053585,18746625,46.63,3.00000000,1
1503053580,18746609,46.70,10.60700000,0
1503053578,18746604,46.73,72.03300000,0
1503053578,18746603,46.72,3.36000000,0
1503053578,18746601,46.70,10.60700000,0
1503053571,18746592,46.70,2.62502000,0
1503053571,18746590,46.70,7.98198000,0
1503053558,18746559,46.53,4.14000000,0
1503053554,18746551,46.54,7.96660300,0
1503053552,18746548,46.50,53.15169300,0
1503053550,18746543,46.50,4.81491000,0
1503053545,18746522,46.47,57.96664000,0
1503053545,18746521,46.46,8.46000000,0
1503053539,18746517,46.43,0.74018188,1
1503053539,18746516,46.43,0.25981812,1
1503053528,18746504,46.44,2.32000000,0
1503053520,18746487,46.38,0.00012109,0
1503053517,18746481,46.38,11.58987891,0
1503053512,18746477,46.39,49.55295200,0
1503053510,18746476,46.39,0.44704800,0
1503053510,18746475,46.39,16.86625200,0
1503053510,18746473,46.30,30.45596506,0
1503053509,18746471,46.30,1.54401000,0
1503053506,18746466,46.38,0.00002494,1
1503053504,18746464,46.38,13.77000000,0
1503053375,18746350,46.21,6.00000000,1
1503053339,18746327,46.37,0.66314427,0
1503053249,18746281,46.37,1.11968945,0
1503053094,18746077,46.37,6.18294000,0
1503053050,18746039,46.38,1.62618000,0
1503053025,18746002,46.24,0.68785107,1
1503052990,18745961,46.37,7.01203000,0
1503052888,18745908,46.12,0.23522807,0
1503052887,18745907,46.11,19.83000000,0
1503052879,18745895,46.12,20.07357193,0
1503052878,18745894,46.12,20.30880000,0
1503052878,18745893,46.12,20.30880000,0
1503052878,18745892,46.12,20.30880000,0
1503052878,18745891,46.12,0.00002807,0
1503052873,18745886,46.11,23.56000000,0
1503052736,18745729,46.10,4.80861000,0
1503052582,18745621,46.00,100.00000000,1
1503052578,18745613,46.00,59.33765500,1
1503052477,18745532,46.00,2.21048126,1
1503052477,18745531,46.00,2.00000000,1
1503052438,18745512,46.13,20.30877193,1
1503052395,18745486,46.01,6.91251841,1
1503052369,18745475,46.01,19.76984100,0
1503052364,18745467,46.01,0.23015900,0
1503052311,18745411,46.17,30.00000000,0
1503052101,18745166,46.16,19.00000000,1
1503052051,18745103,46.20,10.00000000,1
1503052049,18745102,46.23,10.00000000,1
1503052026,18745069,46.26,20.00000000,1
1503051991,18745027,46.32,33.89041280,0
1503051986,18745009,46.31,16.14000000,0
1503051980,18745004,46.25,4.18000000,1
1503051978,18745003,46.31,0.82000000,1
1503051975,18744999,46.31,19.18000000,0
1503051951,18744968,46.25,19.44959600,1
1503051951,18744967,46.29,0.55040400,1
1503051948,18744966,46.29,33.44959600,0
1503051940,18744953,46.30,33.94852700,0
1503051891,18744898,46.20,13.87288170,1
1503051891,18744897,46.20,2.11709324,1
1503051891,18744896,46.23,4.01002506,1
1503051760,18744836,46.35,9.90000000,0
1503051760,18744835,46.33,3.96000000,0
1503051760,18744834,46.23,16.14000000,0
1503051716,18744815,46.25,3.33682000,0
1503051257,18744396,46.32,9.63530871,0
1503051190,18744352,46.39,33.13374800,0
1503051189,18744350,46.38,4.91000000,0
1503051189,18744349,46.38,24.55000000,0
1503051189,18744348,46.37,36.68625200,0
1503051187,18744346,46.36,0.72000000,0
1503051124,18744316,46.40,50.00000000,1
1503051123,18744315,46.40,50.00000000,1
1503051122,18744314,46.40,50.00000000,1
1503051121,18744313,46.40,50.00000000,1
1503051121,18744312,46.40,50.00000000,1
1503051119,18744311,46.40,0.44777154,1
1503051119,18744310,46.40,0.00222846,1
1503051118,18744308,46.43,47.73000000,1
1503050991,18744226,46.55,16.68017000,1
1503050961,18744212,46.55,3.31983000,1
1503050931,18744187,46.61,2.06283906,0
1503050931,18744186,46.61,3.34561094,0
1503050750,18744001,46.44,9.99887612,1
1503050750,18744000,46.46,3.32782033,1
1503050750,18743999,46.46,3.32769261,1
1503050680,18743949,46.48,3.32881000,1
1503050368,18743797,46.70,16.60789000,0
1503050368,18743796,46.66,4.39000000,0
1503050350,18743778,46.66,4.52988223,0
1503050348,18743774,46.66,0.00002050,1
1503050347,18743769,46.66,44.99897900,0
1503050329,18743758,46.66,38.99999975,0
1503050225,18743705,46.46,0.00012772,1
1503050225,18743702,46.46,3.33008228,1
1503050217,18743655,46.46,3.33015000,0
1503050206,18743642,46.46,1.53579200,1
1503050200,18743641,46.46,1.53368000,1
1503050190,18743639,46.46,3.32816000,1
1503050186,18743638,46.46,0.27039600,1
1503050186,18743637,46.46,0.00000200,1
1503050170,18743630,46.46,2.89512800,0
1503050156,18743608,46.48,1.36000540,0
1503050155,18743607,46.52,0.12897678,1
1503050155,18743606,46.52,5.79329830,1
1503050084,18743535,46.52,5.79329830,0
1503050077,18743503,46.46,3.31757000,1
1503050075,18743499,46.52,5.08752164,0
1503050073,18743498,46.52,2.47998912,1
1503050072,18743495,46.52,3.31746000,1
1503050065,18743488,46.58,3.31767000,1
1503050060,18743484,46.53,3.32028000,1
1503050039,18743470,46.49,1.12302053,1
1503050037,18743468,46.71,50.03467700,0
1503050037,18743467,46.71,44.48232300,0
1503050019,18743459,46.48,13.32730775,0
1503050017,18743456,46.67,6.67268663,1
1503049876,18743414,46.67,5.00000000,1
1503049876,18743413,46.67,4.83069487,1
1503049876,18743411,46.80,0.12820513,1
1503049839,18743392,46.86,3.97460520,0
1503049776,18743316,46.86,10.64447290,0
1503049535,18743137,46.80,13.08740684,1
1503049535,18743136,46.81,1.01986754,1
1503049530,18743131,46.80,4.94272000,1
1503049529,18743130,46.79,0.95000000,1
1503049496,18743076,46.77,1.20000000,1
1503049210,18742720,46.91,6.55020251,0
1503049206,18742711,46.90,3.75000000,0
1503049192,18742704,46.91,2.11998000,0
1503048439,18742088,46.67,10.07000000,1
1503048439,18742087,46.68,25.22000000,1
1503048386,18742030,47.00,5.88284462,1
1503048385,18742028,47.00,10.13478438,1
1503048382,18742025,47.00,3.28837000,1
1503048378,18742023,47.00,71.26401200,1
1503048375,18742020,47.00,9.20500000,1
1503048375,18742019,47.00,3.28820000,1
1503048373,18742018,47.00,103.00000000,1
1503048369,18742016,47.00,10.10099900,1
1503048367,18742014,47.00,3.28864000,1
1503048361,18742008,47.06,12.77794305,1
1503048360,18742007,47.05,0.10679100,1
1503048360,18742006,47.05,6.07700000,1
1503048359,18742005,47.05,0.12199788,0
1503048358,18742004,47.05,33.87800212,1
1503048351,18741994,47.00,7.26000000,1
1503048350,18741992,47.00,3.28715000,1
1503048349,18741986,47.07,29.44750162,0
1503048336,18741974,47.11,11.75110979,0
1503048325,18741962,47.13,5.10606200,0
1503048320,18741957,47.01,0.00009003,0
1503048318,18741947,47.01,19.99990435,0
1503048277,18741924,47.00,20.00000000,1
1503048277,18741923,47.18,22.79999976,0
1503048276,18741922,47.18,41.00000000,0
1503048270,18741917,47.18,0.00009111,1
1503048269,18741916,47.18,42.84204000,0
1503048263,18741913,47.19,23.96011002,0
1503048236,18741905,47.01,14.22049438,1
1503048236,18741904,47.01,5.77950000,1
1503048211,18741869,47.22,39.09233376,0
1503048135,18741824,47.32,0.21090448,0
1503048127,18741813,47.34,1.05428812,0
1503048025,18741683,47.10,19.99999438,1
1503048007,18741659,47.11,6.64260200,0
1503048000,18741648,47.11,12.89808581,0
1503048000,18741647,47.11,0.45930657,0
1503047911,18741584,47.27,26.61700000,1
1503047911,18741583,47.28,31.45000000,1
1503047895,18741576,47.28,0.12892136,0
1503047832,18741521,47.27,10.00000000,0
1503047785,18741484,47.17,2.97405050,1
1503047785,18741483,47.19,11.23904950,1
1503047637,18741282,47.05,28.67098306,0
1503047629,18741278,47.04,5.35000000,1
1503047624,18741271,47.05,21.32901694,0
1503047624,18741270,47.05,18.93445106,0
1503047622,18741268,47.05,50.00000000,0
1503047619,18741266,47.05,22.69098300,0
1503047619,18741265,47.04,5.98000000,0
1503047606,18741247,47.05,118.93445100,0
1503047604,18741246,47.05,80.89672000,0
1503047603,18741245,47.05,4.88256200,0
1503047603,18741244,47.04,7.11000000,0
1503047600,18741240,47.05,50.29354800,0
1503047596,18741235,47.05,35.34226900,0
1503047593,18741230,47.05,50.00000000,0
1503047591,18741229,47.05,39.60000000,0
1503047590,18741228,47.04,10.40000000,0
1503047589,18741227,47.04,10.40000000,0
1503047572,18741215,47.04,0.93399100,0
1503047564,18741202,47.01,8.56770000,1
1503047556,18741201,47.01,0.51280000,1
1503047551,18741198,47.04,12.50699256,0
1503047541,18741192,47.05,28.42501594,0
1503047541,18741190,47.04,14.86000000,0
1503047530,18741175,47.01,4.93194000,1
1503047435,18741122,46.98,0.12768674,0
1503047384,18741102,46.99,3.46787000,0
1503047384,18741101,46.99,2.62000000,0
1503047356,18741078,46.98,10.61941252,0
1503047154,18740919,46.95,1.73285000,0
1503047141,18740896,46.97,0.00391000,0
1503047141,18740894,46.92,2.61000000,0
1503047123,18740850,46.95,4.32289669,1
1503047121,18740848,46.81,0.44777154,0
1503047113,18740846,46.81,0.00222846,0
1503047112,18740845,46.80,1.48655154,0
1503047088,18740832,46.80,19.53653846,0
1503047087,18740831,46.79,0.20043008,0
1503046714,18740577,46.62,0.20000000,1
1503046604,18740510,46.75,61.90446408,0
1503046603,18740509,46.74,3.45000000,0
1503046603,18740506,46.74,17.26000000,0
1503046602,18740505,46.74,3.45000000,0
1503046552,18740477,46.50,0.00004347,0
1503046552,18740476,46.50,49.98500000,0
1503046517,18740456,46.74,0.64035087,1
1503046511,18740452,46.74,3.45518000,0
1503046469,18740408,46.45,41.30000000,1
1503046413,18740379,46.66,25.00000000,0
1503046338,18740352,46.62,3.76854000,0
1503046242,18740261,46.49,17.45000000,0
1503046232,18740249,46.49,14.23000000,0
1503046231,18740244,46.49,22.54226690,1
1503046230,18740242,46.43,0.00000025,0
1503046223,18740234,46.43,19.99999975,0
1503046197,18740193,46.33,19.79996992,1
1503046196,18740192,46.32,0.20000000,1
1503046138,18740129,46.30,3.54905292,0
1503046138,18740126,46.33,15.68093700,1
1503046137,18740123,46.33,0.57098000,1
1503046136,18740119,46.33,0.19900000,1
1503046117,18740103,46.32,19.79996992,1
1503046114,18740101,46.32,0.20000000,1
1503046068,18740059,46.47,10.79340000,0
1503046054,18740048,46.43,1.73992468,0
1503046046,18740034,46.43,2.02007532,0
1503046046,18740033,46.43,18.79000000,0
1503046039,18740029,46.45,0.07040000,0
1503046038,18740028,46.44,2.92000000,0
1503046038,18740027,46.44,44.00000000,0
1503046012,18739985,46.42,20.81688927,0
1503046004,18739967,46.42,21.03551613,0
1503045956,18739897,46.47,19.56890000,0
1503045952,18739895,46.49,6.55783000,0
1503045654,18739488,46.46,4.16465000,0
1503045654,18739485,46.22,2.92142000,1
1503045653,18739484,46.28,17.07858000,1
1503045456,18739245,46.49,2.42218000,0
1503044912,18738791,46.56,1.93695000,0
1503044911,18738790,46.56,1.38649000,0
1503044754,18738680,46.52,0.12892136,0
1503044714,18738670,46.54,2.79640000,0
1503044713,18738668,46.54,3.08374000,0
1503044532,18738523,46.47,2.92636000,0
1503044443,18738471,46.49,0.64379436,0
1503044440,18738469,46.49,3.98237000,0
1503044346,18738332,46.27,4.92924019,1
1503044211,18738204,46.30,10.75046632,1
1503044211,18738203,46.32,19.12000000,1
1503044211,18738202,46.32,0.12953368,1
1503043852,18737889,46.32,1.18555712,0
1503043851,18737888,46.36,19.81800000,1
1503043849,18737887,46.55,2.00000000,1
1503043546,18737626,46.79,30.00000000,0
1503043344,18737390,46.79,15.00000000,0
1503043303,18737374,46.69,30.00000000,1
1503043296,18737366,46.88,1.06399317,0
1503043020,18737112,46.99,1.06150245,0
1503042946,18737043,47.08,1.96689600,0
1503042946,18737042,47.02,27.02000000,0
1503042899,18737014,47.07,51.39000000,1
1503042899,18737013,47.08,5.93225807,1
1503042898,18737010,47.09,0.00006374,1
1503042898,18737009,47.09,52.00000000,0
1503042831,18736963,47.20,60.65750200,0
1503042831,18736962,47.19,16.62000000,0
1503042789,18736927,47.19,0.48104900,0
1503042734,18736895,47.19,1.81219500,0
1503042703,18736887,47.19,8.13960300,0
1503042692,18736874,47.20,13.69582400,0
1503042692,18736873,47.19,17.95106400,0
1503042688,18736872,47.19,3.75893600,0
1503042528,18736793,47.04,9.17200000,1
1503042528,18736792,47.05,15.00000000,1
1503042503,18736781,47.08,39.81511415,1
1503042503,18736780,47.09,10.85488585,1
1503042491,18736778,47.07,3.00000000,1
1503042480,18736761,47.07,15.00000000,1
1503042468,18736759,47.03,25.60000000,1
1503042418,18736716,46.91,8.34427339,1
1503042418,18736715,46.91,1.52481406,1
1503042418,18736713,46.91,3.50091255,1
1503042415,18736711,47.36,31.97005912,0
1503042415,18736710,47.36,2.05000000,0
1503042415,18736709,47.08,2.88000000,0
1503042414,18736707,46.92,50.00000000,0
1503042413,18736706,46.92,40.45682400,0
1503042413,18736704,46.92,9.54317600,0
1503042412,18736703,46.92,50.00000000,0
1503042412,18736702,46.92,10.06140780,0
1503042410,18736697,46.92,11.95563200,0
1503042410,18736696,46.92,2.56190900,0
1503042410,18736695,46.92,8.21004900,0
1503042409,18736694,46.92,17.21100220,0
1503042409,18736692,46.92,9.16737680,0
1503042408,18736691,46.91,14.38000000,0
1503042407,18736687,46.92,10.87861391,0
1503042406,18736686,46.92,23.29433077,0
1503042406,18736684,46.92,6.65967852,0
1503042406,18736683,46.92,34.69117648,0
1503042405,18736680,46.92,15.30882352,0
1503042401,18736670,46.91,12.30629486,0
1503042400,18736667,46.91,3.37593969,0
1503042400,18736666,46.91,1.58506746,0
1503042399,18736664,46.91,1.23288700,0
1503042399,18736659,46.91,4.86563500,0
1503042398,18736658,46.90,13.61000000,1
1503042396,18736655,46.91,10.46598200,0
1503042396,18736654,46.91,3.38867400,0
1503042395,18736653,46.91,12.77951999,0
1503042395,18736652,46.91,50.00000000,0
1503042395,18736651,46.91,35.22048001,0
1503042394,18736650,46.91,14.77951999,0
1503042394,18736648,46.91,7.90519542,0
1503042393,18736643,46.91,5.03436500,0
1503042391,18736641,46.91,16.55361117,0
1503042391,18736640,46.90,1.11000000,0
1503042388,18736637,46.90,11.74000000,1
1503042386,18736636,46.91,0.86819800,0
1503042383,18736630,46.91,19.63863041,0
1503042383,18736629,46.91,50.00000000,0
1503042383,18736628,46.91,32.36136959,0
1503042381,18736626,46.91,7.00532935,0
1503042380,18736624,46.90,0.26000000,1
1503042379,18736623,46.90,11.74000000,0
1503042374,18736609,46.91,10.63330106,0
1503042374,18736608,46.91,11.61334143,0
1503042372,18736604,46.91,19.87401406,0
1503042370,18736599,46.91,18.51264451,0
1503042370,18736597,46.91,15.04805855,0
1503042369,18736594,46.90,10.21000000,0
1503042365,18736585,46.91,22.25197186,0
1503042363,18736580,46.91,12.69996959,0
1503042362,18736578,46.90,0.00010496,0
1503042361,18736576,46.90,8.21989504,0
1503042356,18736573,46.90,9.95000000,0
1503042346,18736560,46.90,1.00000000,0
1503042322,18736542,46.79,9.95000000,0
1503042313,18736531,46.80,15.19108082,0
1503042311,18736529,46.80,42.19615359,0
1503042311,18736526,46.79,0.00000025,0
1503042310,18736522,46.79,7.22999975,0
1503042305,18736517,46.80,14.16816239,0
1503042305,18736516,46.79,8.59000000,0
1503042218,18736489,46.80,6.37341900,0
1503042218,18736488,46.78,2.12000000,0
1503042218,18736487,46.77,10.61000000,0
1503042117,18736392,46.80,38.37713675,0
1503042115,18736391,46.80,41.69623480,0
1503042114,18736390,46.71,2.08000000,0
1503042114,18736389,46.58,29.86190000,0
1503042114,18736388,46.58,29.86190000,0
1503042112,18736387,46.57,10.40000000,0
1503042091,18736380,46.57,1.13845000,0
1503042032,18736365,46.67,26.44558174,0
1503042032,18736363,46.67,3.41000000,1
1503042032,18736362,46.66,46.00000000,1
1503042032,18736361,46.66,17.05000000,1
1503042031,18736360,46.54,3.41000000,0
1503042031,18736359,46.53,17.05000000,0
1503042029,18736358,46.50,0.00000513,0
1503041997,18736345,46.50,7.42311400,0
1503041848,18736272,46.50,0.53634409,0
1503041827,18736262,46.50,9.70086021,0
1503041803,18736251,46.50,28.64919800,0
1503041781,18736220,46.50,15.55870967,0
1503041779,18736218,46.50,28.63204301,0
1503041777,18736215,46.50,28.61849462,0
1503041776,18736214,46.50,2.09463000,0
1503041678,18736190,46.53,11.11300000,1
1503041646,18736187,46.51,2.49061200,1
1503041645,18736185,46.51,1.68008300,1
1503041624,18736183,46.65,8.97645000,0
1503041623,18736182,46.65,0.30142755,0
1503041606,18736168,46.70,3.81440000,0
1503041606,18736167,46.69,16.98000000,0
1503041601,18736146,46.70,9.00499351,0
1503041574,18736126,47.00,31.89276595,1
1503041573,18736125,46.99,20.97000000,0
1503041573,18736124,46.98,4.19000000,0
1503041573,18736123,46.93,44.76910500,0
1503041572,18736122,46.92,110.69600000,0
1503041556,18736112,46.77,4.56818724,0
1503041555,18736111,46.81,0.93178268,1
1503041555,18736110,46.81,5.21746854,1
1503041544,18736109,46.81,5.77609700,1
1503041541,18736107,46.81,8.07465178,1
1503041535,18736103,47.00,197.27851063,0
1503041533,18736102,46.99,14.96000000,0
1503041460,18736085,47.00,44.45680851,0
1503041459,18736084,46.99,100.00000000,0
1503041459,18736083,46.99,45.60835700,1
1503041458,18736082,46.96,3.70000000,1
1503041458,18736081,46.95,18.52000000,0
1503041396,18735988,46.84,1.35084803,0
1503041393,18735985,46.84,15.72130000,0
1503041389,18735982,46.84,1.37001000,0
1503041387,18735977,46.84,10.18790000,0
1503041383,18735970,46.84,14.15542300,0
1503041380,18735955,46.84,34.23124970,0
1503041365,18735950,47.00,0.20040000,0
1503041351,18735943,46.99,0.39425178,0
1503041351,18735940,46.98,3.09000000,0
1503041346,18735938,46.99,0.20040000,0
1503041345,18735937,46.99,4.39000000,0
1503041344,18735936,46.99,12.89389900,0
1503041344,18735935,46.99,20.45000000,0
1503041340,18735934,46.98,3.76000000,0
1503041309,18735932,47.00,7.88000000,0
1503041290,18735925,47.15,2.46767000,0
1503041222,18735848,47.29,0.12890955,0
1503041219,18735846,47.30,0.21344041,0
1503041168,18735834,47.31,3.53130673,0
1503041167,18735833,47.31,5.91515400,1
1503041154,18735827,47.29,3.98000000,0
1503041142,18735809,47.06,0.34632024,1
1503041142,18735808,47.06,0.16446701,1
1503041142,18735807,47.06,0.24132730,1
1503041141,18735806,47.06,0.41514429,1
1503041141,18735805,47.06,0.23740301,1
1503041141,18735804,47.06,0.26494565,1
1503041140,18735803,47.06,0.32292934,1
1503041140,18735802,47.06,0.23190895,1
1503041139,18735801,47.06,0.16711368,1
1503041139,18735800,47.06,0.24349323,1
1503041138,18735799,47.06,0.40964515,1
1503041138,18735798,47.06,0.23732719,1
1503041137,18735797,47.06,0.26460860,1
1503041119,18735779,47.34,25.02280300,0
1503041084,18735760,47.39,19.95358649,0
1503041043,18735737,47.50,1.50012288,0
1503040892,18735642,47.71,11.71000000,1
1503040881,18735629,47.66,3.78600000,1
1503040880,18735628,47.66,24.42000000,1
1503040877,18735614,47.89,20.15000000,0
1503040869,18735593,47.71,31.88700000,1
1503040869,18735592,47.72,15.00000000,1
1503040849,18735577,47.78,66.99000000,1
1503040820,18735561,47.89,9.55272499,0
1503040814,18735549,47.76,29.94000000,1
1503040807,18735544,47.93,1.00122651,0
1503040797,18735538,47.68,42.00000000,1
1503040789,18735531,47.63,34.21000000,0
1503040788,18735530,47.64,36.00000000,0
1503040788,18735529,47.67,44.00000000,1
1503040788,18735528,47.73,42.00000000,1
1503040786,18735526,47.81,78.39000000,1
1503040781,18735522,47.81,9.17300000,1
1503040764,18735514,47.85,24.73500000,1
1503040752,18735503,47.83,20.11600000,1
1503040752,18735502,47.83,4.35000000,1
1503040735,18735493,47.84,13.17400000,1
1503040728,18735490,47.84,11.11300000,1
1503040726,18735489,47.84,11.11300000,1
1503040724,18735485,47.83,18.25800000,1
1503040719,18735481,47.83,8.70000000,1
1503040718,18735480,47.97,4.74692516,0
1503040702,18735469,47.83,6.48400000,1
1503040587,18735383,48.00,100.87208792,0
1503040587,18735382,48.00,100.00000000,0
1503040586,18735381,48.00,25.00000000,0
1503040586,18735380,48.00,1.00000000,0
1503040586,18735379,48.00,20.00000000,0
1503040586,18735378,48.00,5.35194499,0
1503040585,18735376,48.00,6.85514009,0
1503040585,18735375,47.99,4.70000000,0
1503040585,18735374,47.93,106.76400000,0
1503040585,18735373,47.87,15.00000000,0
1503040584,18735372,47.87,11.69600000,0
1503040584,18735371,47.85,2.76082700,0
1503040577,18735367,47.87,3.30400000,0
1503040577,18735366,47.86,35.28600000,0
1503040571,18735361,47.89,2.08289830,1
1503040570,18735358,48.00,4.69365991,0
1503040570,18735356,48.00,3.77000000,1
1503040570,18735355,48.00,2.75892300,1
1503040569,18735354,47.95,4.00000000,0
1503040569,18735353,47.90,50.00000000,0
1503040568,18735352,47.90,1.16000000,1
1503040567,18735351,47.87,5.80000000,1
1503040567,18735350,47.87,162.41800000,0
1503040566,18735348,47.68,3.77401000,1
1503040565,18735345,47.67,1.18752000,1
1503040538,18735339,47.70,50.00000000,0
1503040442,18735278,47.68,1.77831376,0
1503040399,18735263,47.53,0.90000000,1
1503040358,18735244,47.58,0.14733919,1
1503040274,18735206,47.60,38.37486766,0
1503040274,18735204,47.60,7.22531670,0
1503040274,18735201,47.59,0.00010346,0
1503040273,18735199,47.59,7.17989654,0
1503040259,18735191,47.60,4.39981564,0
1503040251,18735145,47.93,5.87199588,0
1503040251,18735144,47.93,10.00000000,0
1503040251,18735143,47.91,3.00000000,0
1503040251,18735142,47.90,6.00000000,0
1503040251,18735141,47.85,42.00000000,0
1503040251,18735140,47.80,1.06422018,0
1503040251,18735139,47.80,20.00000000,0
1503040250,18735138,47.80,20.00000000,0
1503040250,18735137,47.77,41.00000000,0
1503040250,18735136,47.70,100.00000000,0
1503040250,18735135,47.69,42.00000000,0
1503040250,18735134,47.68,30.00000000,0
1503040250,18735133,47.66,44.00000000,0
1503040250,18735132,47.63,41.99096500,0
1503040223,18735123,47.67,9.40145843,0
1503040223,18735122,47.66,2.00000000,0
1503040223,18735121,47.64,0.40000000,0
1503040223,18735120,47.64,2.01000000,0
1503040223,18735119,47.63,41.99069600,0
1503040159,18735091,47.62,9.95643338,0
1503040158,18735090,47.60,46.00000000,1
1503040158,18735089,47.60,2.58000000,0
1503040158,18735088,47.59,2.11709324,0
1503040158,18735087,47.55,3.00000000,0
1503040157,18735086,47.54,0.52000000,0
1503040157,18735085,47.50,5.21926008,0
1503040156,18735084,47.40,0.00000008,0
1503040116,18735063,47.40,69.64991600,0
1503040116,18735062,47.39,3.06000000,0
1503040053,18735027,47.40,44.87474006,0
1503040053,18735026,47.39,0.00000504,0
1503040052,18735025,47.39,4.69999496,0
1503040052,18735024,47.39,23.51587504,0
1503040051,18735017,47.39,4.84131673,0
1503039999,18734968,47.39,5.58000000,0
1503039967,18734948,47.40,1.60251400,0
1503039966,18734946,47.39,6.63000000,0
1503039873,18734920,47.39,2.47035239,1
1503039833,18734896,47.23,9.50299500,1
1503039821,18734891,47.37,8.16909436,0
1503039802,18734883,47.26,15.00000000,1
1503039733,18734852,47.40,363.12791960,0
1503039733,18734851,47.39,10.00000000,0
1503039733,18734849,47.38,2.06000000,0
1503039733,18734848,47.36,10.30000000,0
1503039733,18734847,47.36,2.39908040,0
1503039732,18734846,47.29,11.11300000,0
1503039732,18734845,47.29,1.00000000,0
1503039681,18734790,47.16,10.00000000,1
1503039666,18734785,47.13,0.00000034,0
1503039628,18734781,47.13,4.44069300,0
1503039567,18734762,47.10,15.80000000,1
1503039556,18734748,47.00,2.00000000,0
1503039556,18734747,47.00,1.00000000,0
1503039556,18734746,47.00,0.25000000,0
1503039556,18734745,47.00,20.00000000,0
1503039556,18734744,47.00,1.00000000,0
1503039528,18734737,46.97,61.89943689,0
1503039495,18734729,46.96,5.03000000,0
1503039466,18734716,46.96,4.12000000,0
1503039466,18734715,46.95,0.91000000,0
1503039355,18734702,46.95,5.03000000,0
1503039307,18734694,46.95,5.03000000,0
1503039297,18734653,46.95,5.03000000,0
1503039240,18734644,46.96,0.92336722,0
1503039230,18734643,46.81,117.52400000,0
1503039230,18734642,46.83,43.00000000,0
1503039229,18734641,46.85,25.00000000,1
1503039229,18734640,46.86,40.32000000,1
1503039227,18734639,46.87,15.00000000,1
1503039217,18734638,46.96,4.26439200,0
1503039211,18734636,46.95,5.03000000,0
1503038979,18734547,46.96,5.03000000,0
1503038965,18734544,46.92,5.03000000,0
1503038962,18734543,46.94,0.74633200,0
1503038962,18734542,46.93,41.97000000,0
1503038962,18734541,46.92,4.51000000,0
1503038956,18734529,46.86,45.36000000,1
1503038949,18734523,46.93,5.03000000,0
1503038870,18734486,46.97,9.89103470,0
1503038870,18734484,46.96,0.73000000,0
1503038776,18734441,46.96,24.63765758,0
1503038776,18734440,46.96,0.86000000,0
1503038746,18734435,46.94,3.00000000,0
1503038718,18734430,46.86,2.15781430,1
1503038698,18734391,46.91,2.00000000,0
1503038668,18734347,46.79,0.44914200,0
1503038666,18734344,46.80,0.77085800,1
1503038665,18734340,46.85,2.00000000,0
1503038664,18734338,46.80,4.61374807,0
1503038664,18734337,46.80,12.61539393,0
1503038660,18734329,46.80,7.33171600,0
1503038657,18734325,46.80,15.43914200,0
1503038657,18734324,46.79,1.79000000,0
1503038640,18734316,46.70,70.06065500,0
1503038635,18734312,46.69,2.52000000,0
1503038621,18734304,46.70,4.10794400,0
1503038621,18734302,46.70,97.33140100,0
1503038620,18734301,46.69,3.00000000,0
1503038596,18734298,46.70,1.47000000,0
1503038596,18734297,46.69,3.56000000,0
1503038581,18734292,46.70,5.03000000,0
1503038579,18734291,46.69,4.23000000,0
1503038571,18734290,46.69,5.03000000,0
1503038421,18734258,46.50,1.10100000,1
1503038396,18734245,46.55,1.17269999,0
1503038377,18734222,46.55,3.82730001,0
1503038376,18734221,46.53,0.57597326,0
1503038376,18734220,46.49,4.77045973,0
1503038376,18734219,46.49,5.57597300,0
1503038370,18734210,46.49,29.67271885,0
1503038370,18734209,46.48,5.97000000,0
1503038366,18734206,46.49,132.48818600,0
1503038366,18734205,46.48,7.09000000,0
1503038348,18734096,46.48,7.95217000,0
1503038339,18734081,46.49,31.69060200,0
1503038337,18734078,46.49,30.62042100,0
1503038336,18734077,46.48,9.92000000,0
1503038322,18734060,46.48,11.79000000,0
1503038314,18734048,46.49,59.99000000,0
1503038314,18734047,46.48,14.01000000,0
1503038294,18734035,46.49,59.35000000,0
1503038293,18734034,46.48,16.65000000,0
1503038289,18734031,46.40,17.22880493,0
1503038286,18734026,46.39,5.76539000,1
1503038285,18734023,46.40,5.76539000,1
1503038283,18734021,46.40,5.76539000,1
1503038266,18733992,46.48,7.46585855,0
1503038200,18733956,46.47,6.75392000,0
1503038130,18733932,46.42,1.95540715,0
1503038039,18733893,46.41,11.11300000,0
1503038016,18733882,46.44,2.32574467,0
1503037985,18733869,46.49,141.85202526,0
1503037985,18733868,46.44,0.56851100,0
1503037984,18733867,46.43,3.09000000,0
1503037984,18733866,46.42,44.38648500,0
1503037984,18733865,46.41,15.45000000,0
1503037918,18733834,46.25,10.00000000,0
1503037806,18733786,46.14,3.97900000,1
1503037805,18733785,46.14,15.00000000,1
1503037743,18733738,46.16,6.13333300,0
1503037742,18733737,46.16,3.86666700,0
1503037739,18733733,46.13,1.02100000,1
1503037606,18733620,45.91,17.52860000,1
1503037605,18733619,45.91,15.00000000,1
1503037535,18733606,45.83,0.00000043,0
1503037528,18733605,45.83,5.57100700,0
1503037499,18733587,45.83,11.11300000,0
1503037495,18733584,45.83,1.42853478,0
1503037492,18733577,45.83,25.88745779,0
1503037491,18733576,45.83,15.00000000,1
1503037287,18733453,45.82,3.74577185,1
1503037180,18733413,46.11,43.28800694,0
1503037174,18733411,45.88,8.34812000,1
1503036689,18733259,45.89,20.00000000,1
1503036643,18733238,45.83,0.87034667,0
1503036635,18733233,45.83,20.00000000,1
1503036534,18733196,45.79,12.80162826,1
1503036442,18733177,46.12,1.51409367,0
1503036299,18733074,45.91,3.95696494,1
1503035620,18732901,45.97,27.25487349,0
1503035619,18732900,45.97,49.00000000,0
1503035619,18732899,45.96,3.48000000,0
1503035619,18732898,45.84,95.00000000,0
1503035619,18732897,45.83,17.42000000,0
1503035469,18732820,45.71,0.22800000,1
1503034743,18732528,45.74,14.92763445,0
1503034742,18732527,45.68,5.44825662,0
1503034732,18732525,45.68,10.00000000,1
1503034242,18732329,45.87,98.00000000,1
1503033948,18732227,45.86,0.00163000,1
1503033948,18732226,46.00,1.08900000,1
1503033841,18732198,45.95,1.16263000,1
1503033840,18732197,45.95,11.17690000,1
1503033827,18732194,45.95,5.89671000,1
1503033751,18732155,45.92,0.68529814,1
1503033698,18732125,45.93,30.72160000,1
1503033698,18732124,45.94,23.76000000,1
1503033690,18732123,45.92,0.03780000,1
1503033690,18732122,45.92,25.20000000,1
1503033659,18732117,46.00,29.11249256,0
1503033658,18732116,46.00,1.00000000,0
1503033658,18732114,46.00,1.00000000,0
1503033658,18732112,46.00,1.00000000,0
1503033658,18732111,46.00,1.00000000,0
1503033637,18732083,45.92,2.57250000,1
1503033637,18732081,45.93,12.45000000,1
1503033449,18731915,45.87,0.00191843,1
1503033449,18731914,45.87,1.16647157,1
1503033448,18731909,45.87,8.21684000,1
1503033447,18731904,45.87,8.21684000,1
1503033394,18731838,45.90,12.30343574,1
1503033393,18731836,45.90,0.79000000,0
1503033392,18731835,45.90,1.21000000,0
1503033392,18731834,45.88,0.69000000,0
1503033308,18731723,45.73,8.10000000,1
1503033307,18731717,45.99,19.60208741,0
1503033307,18731715,45.98,0.24000000,0
1503033306,18731714,45.90,10.00000000,0
1503033306,18731713,45.90,5.00000000,0
1503033306,18731712,45.90,38.44273087,1
1503033306,18731711,45.89,43.00000000,1
1503033305,18731710,45.89,1.21000000,0
1503033305,18731709,45.88,10.00000000,0
1503033304,18731708,45.85,2.00000000,0
1503033304,18731707,45.84,1.00645800,0
1503033280,18731696,45.65,1.43000000,1
1503033276,18731688,45.65,36.16858692,0
1503033274,18731686,45.65,47.86646300,0
1503033265,18731672,45.61,6.14429731,1
1503033249,18731652,45.65,35.60959900,0
1503033245,18731650,45.65,30.40442400,0
1503033245,18731649,45.64,3.09000000,0
1503033240,18731648,45.64,3.09000000,0
1503033230,18731644,45.65,288.84241408,0
1503033227,18731643,45.65,162.16300000,0
1503033227,18731642,45.64,4.52000000,0
1503033218,18731640,45.65,14.05636000,0
1503033218,18731639,45.64,4.52000000,0
1503033210,18731633,45.65,49.96271600,0
1503033203,18731629,45.65,67.66058700,0
1503033203,18731628,45.64,5.37000000,0
1503033147,18731621,45.65,34.26585000,0
1503033147,18731620,45.64,6.38000000,0
1503033142,18731615,45.58,9.03000000,1
1503032855,18731543,45.64,3.85220499,0
1503032848,18731540,45.64,4.28999500,0
1503032795,18731522,45.60,19.26945504,0
1503032793,18731521,45.60,3.99575000,0
1503032765,18731505,45.60,3.20956800,0
1503032764,18731503,45.60,4.87730700,0
1503032749,18731497,45.60,40.00000000,0
1503032597,18731448,45.53,9.12745300,0
1503032591,18731446,45.53,19.69672100,0
1503032584,18731443,45.53,20.00000000,0
1503032573,18731437,45.53,34.35005000,0
1503032572,18731435,45.53,18.94194100,0
1503032572,18731434,45.52,83.17422400,0
1503032571,18731433,45.52,1.10021000,0
1503032571,18731432,45.52,21.18206600,0
1503032567,18731423,45.52,30.94900000,1
1503032556,18731417,45.53,177.70000000,0
1503032556,18731415,45.53,7.59038900,0
1503032555,18731413,45.53,38.20799600,0
1503032555,18731412,45.52,23.34360300,0
1503032549,18731405,45.52,15.21191800,0
1503032548,18731404,45.52,86.90424700,0
1503032538,18731395,45.52,1.91274100,0
1503032538,18731394,45.51,1.21000000,0
1503032536,18731390,45.52,16.87725900,0
1503032535,18731388,45.52,177.66698100,0
1503032535,18731387,45.52,150.33874100,0
1503032533,18731385,45.52,122.72020500,0
1503032533,18731383,45.52,124.06264000,0
1503032532,18731382,45.51,0.43480700,0
1503032531,18731381,45.51,1.00519300,0
1503032526,18731373,45.52,39.07846400,0
1503032524,18731371,45.52,14.21977800,0
1503032521,18731368,45.52,1.13720000,0
1503032520,18731367,45.52,2.18622800,0
1503032520,18731366,45.52,14.36300000,0
1503032520,18731364,45.52,1.78411900,0
1503032519,18731363,45.51,1.71000000,0
1503032517,18731360,45.52,81.85968800,0
1503032517,18731359,45.52,20.00000000,0
1503032516,18731357,45.52,68.78951700,0
1503032511,18731356,45.52,37.54367100,0
1503032511,18731355,45.51,2.03000000,0
1503032511,18731354,45.51,14.15632900,0
1503032510,18731352,45.51,20.00000000,0
1503032503,18731339,45.51,144.61260200,0
1503032502,18731338,45.51,23.49597900,0
1503032500,18731337,45.51,6.07801200,0
1503032498,18731335,45.51,15.13465500,0
1503032498,18731334,45.50,2.41000000,0
1503032498,18731333,45.51,110.50766900,0
1503032496,18731332,45.51,20.00000000,0
1503032495,18731331,45.51,24.19004700,0
1503032493,18731330,45.51,0.29617400,0
1503032493,18731329,45.50,2.86000000,0
1503032482,18731314,45.51,46.60000000,0
1503032482,18731312,45.50,3.40000000,0
1503032476,18731293,45.51,40.00000000,0
1503032475,18731290,45.51,13.31366072,0
1503032475,18731289,45.51,6.68633928,0
1503032471,18731286,45.51,87.74637000,0
1503032467,18731283,45.51,49.52100000,0
1503032466,18731282,45.51,17.16490000,0
1503032466,18731281,45.50,0.14000000,0
1503032465,18731280,45.50,2.00000000,0
1503032455,18731268,45.51,50.00000000,0
1503032452,18731267,45.51,1.11506500,0
1503032451,18731266,45.50,2.54000000,0
1503032448,18731264,45.51,127.45689400,0
1503032440,18731252,45.51,148.76950000,0
1503032440,18731251,45.51,12.30629700,0
1503032439,18731249,45.51,0.84850700,0
1503032439,18731247,45.50,3.48000000,0
1503032438,18731244,45.51,20.00000000,0
1503032438,18731243,45.50,2.44788417,0
1503032438,18731242,45.50,0.93659483,0
1503032437,18731241,45.50,0.21667600,0
1503032436,18731238,45.50,40.47054945,0
1503032436,18731237,45.50,17.90949000,0
1503032435,18731233,45.50,59.01274725,0
1503032434,18731231,45.50,30.32510500,0
1503032434,18731229,45.50,5.42659500,0
1503032433,18731227,45.50,31.04167000,0
1503032432,18731226,45.50,18.79276700,0
1503032431,18731225,45.50,24.99943500,0
1503032431,18731223,45.50,13.13152938,0
1503032425,18731217,45.50,20.00000000,0
1503032414,18731209,45.50,18.89612235,0
1503032407,18731207,45.50,11.02200000,0
1503032399,18731204,45.50,7.37497000,0
1503032394,18731203,45.50,50.00000000,0
1503032394,18731202,45.50,50.00000000,0
1503032394,18731201,45.50,50.00000000,0
1503032394,18731200,45.50,50.00000000,0
1503032393,18731199,45.50,50.00000000,0
1503032393,18731198,45.50,50.00000000,0
1503032392,18731197,45.50,50.00000000,0
1503032389,18731195,45.50,50.00000000,0
1503032389,18731194,45.50,50.00000000,0
1503032389,18731193,45.50,50.00000000,0
1503032388,18731191,45.50,50.00000000,0
1503032388,18731190,45.50,50.00000000,0
1503032388,18731188,45.50,50.00000000,0
1503032387,18731186,45.50,50.00000000,0
1503032382,18731183,45.49,1.40156000,1
1503032381,18731181,45.50,0.22258777,0
1503032381,18731180,45.50,0.22116097,0
1503032381,18731179,45.50,0.00142680,0
1503032381,18731177,45.50,0.22258777,0
1503032379,18731176,45.49,0.58000000,1
1503032373,18731169,45.50,0.77598543,0
1503032369,18731162,45.49,0.84000000,1
1503032364,18731153,45.49,14.23550000,1
1503032360,18731146,45.49,14.21450000,1
1503032359,18731145,45.49,1.23000000,1
1503032355,18731134,45.49,15.04078410,0
1503032354,18731133,45.49,50.00000000,0
1503032354,18731131,45.49,34.95921590,0
1503032354,18731130,45.46,0.21902210,0
1503032354,18731129,45.45,14.82176200,0
1503032354,18731128,45.45,50.00000000,0
1503032353,18731125,45.45,7.41817600,0
1503032353,18731124,45.45,50.00000000,0
1503032353,18731123,45.45,50.00000000,0
1503032353,18731122,45.45,20.00000000,0
1503032352,18731121,45.45,50.00000000,0
1503032351,18731120,45.45,50.00000000,0
1503032351,18731119,45.45,96.00000000,0
1503032351,18731118,45.45,1.58714000,0
1503032351,18731117,45.45,17.58868200,0
1503032350,18731115,45.44,1.92000000,0
1503032349,18731113,45.44,0.56000000,1
1503032348,18731112,45.45,28.39878900,0
1503032345,18731109,45.45,10.79211500,0
1503032342,18731107,45.45,27.09006900,0
1503032340,18731106,45.45,3.23105500,0
1503032340,18731105,45.44,2.95000000,1
1503032338,18731104,45.45,70.36136100,0
1503032337,18731103,45.45,3.51000000,0
1503032337,18731102,45.45,3.51000000,0
1503032336,18731101,45.45,3.51000000,0
1503032336,18731100,45.45,3.51000000,0
1503032336,18731099,45.45,3.51000000,0
1503032336,18731098,45.44,3.51000000,0
1503032326,18731090,45.44,6.25700000,0
1503032325,18731088,45.44,1.08642900,0
1503032323,18731086,45.45,158.08000100,0
1503032321,18731085,45.45,35.14562300,0
1503032321,18731084,45.44,0.80017300,0
1503032320,18731083,45.44,3.36982700,0
1503032317,18731082,45.45,4.46760000,0
1503032316,18731081,45.45,4.46760000,0
1503032316,18731080,45.45,0.00002700,0
1503032315,18731079,45.44,4.46757300,0
1503032311,18731076,45.44,0.48242700,0
1503032302,18731070,45.42,9.23900000,1
1503032301,18731069,45.42,1.87400000,0
1503032301,18731067,45.42,3.07600000,0
1503032301,18731066,45.42,6.16300000,0
1503032298,18731063,45.42,1.87388700,0
1503032297,18731062,45.42,3.07611300,0
1503032296,18731061,45.42,11.11300000,0
1503032279,18731054,45.42,4.71300000,0
1503032279,18731053,45.42,6.40000000,0
1503032265,18731046,45.42,4.71300000,0
1503032263,18731042,45.42,6.40000000,0
1503032240,18731033,45.36,0.02250000,1
1503032239,18731032,45.37,15.00000000,1
1503032233,18731023,45.44,4.40000000,0
1503032233,18731022,45.43,0.26402199,0
1503032233,18731021,45.42,0.60872239,0
1503032232,18731019,45.42,11.11300000,0
1503032168,18730971,45.29,3.99663000,1
1503032134,18730953,45.32,7.54266000,1
1503032020,18730904,45.27,8.22000000,1
1503032005,18730899,45.30,0.13443872,0
1503032005,18730898,45.30,10.00000000,0
1503031973,18730888,45.23,4.07000000,0
1503031867,18730878,45.21,9.02489529,0
1503031867,18730877,45.08,0.13510471,0
1503031799,18730864,44.99,9.15000000,1
1503031693,18730799,45.00,0.25729000,0
1503031692,18730798,45.00,1.00000000,0
1503031639,18730767,44.98,1.26529000,0
1503031472,18730712,44.96,1.25470000,0
1503031463,18730710,44.98,1.16152000,0
1503031317,18730629,44.77,3.41200000,1
1503031231,18730528,44.66,27.16028655,1
1503031231,18730527,44.67,2.83971345,1
1503030992,18730420,44.72,1.24089000,0
1503030943,18730415,44.63,0.13443872,0
1503030926,18730412,44.63,1.27400000,0
1503030716,18730372,44.58,12.57813307,0
1503030706,18730367,44.58,2.26256548,0
1503030704,18730365,44.58,1.61956034,1
1503030576,18730314,44.59,3.41639000,1
1503030571,18730313,44.60,3.41637000,1
1503030560,18730308,44.58,1.20270470,1
1503030469,18730266,44.48,3.41650000,1
1503030464,18730263,44.47,3.41801000,1
1503030427,18730236,44.46,3.41801000,1
1503030386,18730224,44.43,3.41894000,1
1503030340,18730208,44.51,5.75043800,1
1503030269,18730182,44.43,3.42525000,1
1503030266,18730174,44.43,3.42512000,1
1503030258,18730171,44.42,3.42512000,1
1503030256,18730170,44.42,1.91382062,1
1503030255,18730169,44.42,3.42512000,1
1503030209,18730148,44.34,3.42510000,1
1503030206,18730147,44.33,3.42513000,1
1503029948,18730081,44.69,35.81000000,0
1503029947,18730080,44.69,2.18000000,0
1503029947,18730079,44.61,44.00000000,0
1503029947,18730078,44.56,39.00000000,0
1503029947,18730076,44.49,44.00000000,0
1503029947,18730075,44.48,12.44000000,0
1503029947,18730074,44.46,3.76000000,0
1503029946,18730073,44.46,18.81000000,0
1503029727,18729971,44.42,1.28775000,0
1503029726,18729970,44.39,1.27932000,0
1503028762,18729369,44.41,0.13510471,1
1503028669,18729279,44.41,0.14733919,1
1503028465,18729205,44.65,2.59148936,0
1503026927,18728604,44.41,4.19778000,0
1503026885,18728583,44.55,4.71120033,1
1503026363,18728338,44.60,2.00123200,1
1503025992,18728218,44.75,16.92760881,0
1503025990,18728216,44.75,2.89141329,0
1503025914,18728163,44.78,15.01349544,0
1503025757,18728086,44.75,0.21902210,0
1503025417,18727926,44.79,20.00000000,1
1503025316,18727864,44.78,6.22812655,1
1503025315,18727863,44.78,1.90000000,1
1503025314,18727862,44.78,0.75066739,1
1503025314,18727860,44.80,11.12120606,1
1503025246,18727837,45.08,7.26470378,0
1503025245,18727836,45.05,71.07000000,0
1503025245,18727835,44.95,17.87000000,0
1503025245,18727834,44.95,0.22529622,0
1503025244,18727833,44.94,3.57000000,0
1503024937,18727680,45.00,134.60886276,1
1503024757,18727639,45.28,1.84501501,1
1503024757,18727638,45.28,46.35600000,1
1503024756,18727637,45.28,12.00000000,1
1503024751,18727636,45.28,0.22463076,1
1503024751,18727635,45.28,1.12500000,1
1503024749,18727634,45.28,0.22529622,1
1503024746,18727633,45.28,0.87729000,1
1503024745,18727632,45.28,0.22536133,1
1503024737,18727631,45.28,10.04300000,1
1503024731,18727628,45.28,10.08257000,1
1503024730,18727627,45.28,1.12000000,1
1503024728,18727625,45.28,8.79743000,1
1503024727,18727624,45.28,6.13600000,1
1503024717,18727621,45.28,3.86300000,1
1503024716,18727620,45.28,1.13700000,1
1503024716,18727619,45.28,15.00000000,1
1503024715,18727618,45.28,14.30200000,1
1503024710,18727613,45.28,8.44434938,1
1503024709,18727612,45.28,0.29166062,1
1503024709,18727611,45.28,8.80399000,1
1503024705,18727610,45.28,0.96000000,1
1503024705,18727609,45.28,1.50000000,1
1503024657,18727601,45.18,15.73240000,1
1503024639,18727594,45.08,0.02250000,1
1503024638,18727593,45.09,15.00000000,1
1503024611,18727576,45.09,0.99200000,1
1503024447,18727548,45.13,3.35569330,1
1503024445,18727547,45.13,1.38900000,1
1503024411,18727535,44.92,2.11208000,1
1503024367,18727506,45.03,4.07000000,0
1503023550,18727233,44.51,2.92707014,1
1503023550,18727232,44.53,12.07292986,1
1503023539,18727228,44.50,26.85799045,1
1503023539,18727227,44.50,0.77030000,1
1503023539,18727226,44.51,4.54000000,1
1503023539,18727225,44.59,0.45000000,1
1503023539,18727224,44.62,5.00170955,1
1503023527,18727221,44.59,0.55000000,1
1503023527,18727220,44.61,32.58000000,1
1503023522,18727217,44.61,0.55000000,1
1503023516,18727213,44.61,66.53000000,1
1503023470,18727201,44.73,23.48100000,0
1503023470,18727200,44.72,18.69000000,0
1503023463,18727196,44.65,2.21000000,0
1503023459,18727195,44.65,20.00000000,1
1503023457,18727192,44.71,5.48000000,0
1503023457,18727191,44.66,27.42000000,0
1503023457,18727190,44.65,31.24000000,0
1503023443,18727184,44.66,18.27200000,0
1503023443,18727183,44.66,9.14800000,0
1503023399,18727153,44.70,8.67082642,0
1503023399,18727152,44.69,11.27541758,0
1503023186,18727075,44.75,44.73483939,1
1503023176,18727071,44.75,4.23469772,1
1503023166,18727065,44.75,0.28614654,1
1503023164,18727060,44.75,0.55846597,1
1503023163,18727059,44.75,0.18585038,1
1503023163,18727058,44.76,0.20567436,1
1503023163,18727057,44.76,0.58669983,1
1503023161,18727056,44.76,4.03833607,1
1503023161,18727055,44.76,0.39152474,1
1503023151,18727047,44.76,0.39152474,1
1503023147,18727045,44.76,0.39154229,1
1503023145,18727043,44.76,0.58672612,1
1503023145,18727041,44.76,0.58672612,1
1503023136,18727040,44.76,4.03833607,1
1503023127,18727037,44.76,0.11507117,1
1503023123,18727035,44.76,3.43839152,1
1503023121,18727034,44.76,0.39157738,1
1503023120,18727033,44.76,0.58677870,1
1503023116,18727032,44.76,0.68107190,1
1503023115,18727030,44.76,0.12285475,1
1503023100,18727029,44.76,4.68637932,1
1503023099,18727028,44.76,0.14810978,1
1503023099,18727027,44.76,0.55573756,1
1503023098,18727026,44.76,0.55572596,1
1503023098,18727025,44.76,0.55572596,1
1503023098,18727024,44.76,0.55572596,1
1503023097,18727023,44.76,0.55572596,1
1503023097,18727022,44.76,0.55572596,1
1503023097,18727021,44.76,0.55572596,1
1503023088,18727019,44.76,4.03820310,1
1503023085,18727013,44.76,4.68637932,1
1503023075,18727012,44.76,4.03820310,1
1503023069,18727008,44.76,0.11517049,1
1503023069,18727007,44.76,2.18187319,1
1503023067,18727006,44.76,0.11517020,1
1503023057,18727001,44.76,8.72458242,1
1503022868,18726936,44.76,0.82300000,1
1503022868,18726935,44.76,24.58850000,1
1503022866,18726933,44.76,25.41150000,1
1503022445,18726820,44.93,19.32460255,0
1503022373,18726797,44.92,1.19678000,0
1503022318,18726785,44.93,65.55000000,1
1503022222,18726738,45.09,3.61387000,0
1503021897,18726640,45.01,12.69343389,0
1503021872,18726631,45.01,16.30656611,0
1503021845,18726602,45.01,106.00000000,0
1503021838,18726601,45.00,0.29090551,0
1503021826,18726597,45.00,3.40252838,0
1503021774,18726577,44.97,1.15129100,0
1503021774,18726575,44.97,11.17747200,0
1503021576,18726453,44.87,0.26402199,0
1503021566,18726449,44.87,1.31998000,0
1503021401,18726341,44.89,50.00000000,1
1503021401,18726340,44.89,49.99999991,1
1503021392,18726325,44.94,1.50000000,1
1503021392,18726324,44.95,13.81800000,1
1503021392,18726323,44.98,1.90911491,1
1503021385,18726320,44.98,4.66034000,1
1503021385,18726319,44.98,2.56734000,1
1503021384,18726317,44.98,40.86320509,1
1503021384,18726316,44.98,0.45348891,1
1503021381,18726315,44.98,0.20000000,1
1503021378,18726314,44.98,13.95000000,1
1503021378,18726313,44.98,3.28266000,1
1503021364,18726298,44.98,20.00000000,1
1503021348,18726282,45.10,1.87255000,0
1503021345,18726281,44.98,0.00018234,1
1503021345,18726280,45.01,10.83981766,1
1503021337,18726270,45.01,9.57398234,1
1503021337,18726269,45.01,0.00003559,1
1503021337,18726268,45.02,10.83981807,1
1503021336,18726267,45.02,3.42304000,0
1503021334,18726264,45.02,0.95096282,1
1503021331,18726257,45.02,10.30280393,1
1503021331,18726256,45.02,22.06319607,1
1503021325,18726250,45.11,2.43828000,0
1503021324,18726246,45.11,1.36425000,0
1503021319,18726243,45.09,0.48000500,0
1503021319,18726242,45.09,69.20000000,1
1503021319,18726241,45.09,1.31999500,1
1503021316,18726239,45.12,1.20623000,0
1503021218,18726166,45.15,27.34561070,0
1503021216,18726165,45.15,1.72261242,0
1503021210,18726164,45.15,1.00000000,0
1503021204,18726162,45.15,4.42668000,0
1503021201,18726161,45.15,0.61000000,0
1503021199,18726156,45.15,1.72261242,0
1503021196,18726154,45.15,70.60042500,0
1503021193,18726153,45.15,11.04919800,0
1503021186,18726149,45.15,1.72261242,0
1503021180,18726147,45.15,1.72261242,0
1503021180,18726146,45.15,7.25450500,0
1503021180,18726145,45.15,14.03641700,0
1503021178,18726143,45.15,7.31096345,0
1503021176,18726139,45.15,1.02369878,0
1503021173,18726133,45.15,1.96056478,0
1503021173,18726132,45.14,1.27000000,0
1503021172,18726124,45.15,26.26821200,0
1503021170,18726121,45.15,3.00000000,0
1503021170,18726120,45.15,58.06843853,0
1503021169,18726115,45.15,29.51539313,0
1503021168,18726111,45.15,2.76167800,0
1503021167,18726110,45.15,36.03839600,0
1503021166,18726105,45.15,2.75990600,0
1503021166,18726103,45.15,177.70000000,0
1503021163,18726099,45.15,106.00000000,0
1503021159,18726097,45.15,13.05349800,0
1503021156,18726095,45.15,16.86820600,0
1503021154,18726094,45.15,20.23538300,0
1503021154,18726093,45.14,1.51000000,0
1503021141,18726088,45.15,9.58891500,0
1503021137,18726085,45.15,14.51859800,0
1503021137,18726084,45.14,1.32000000,0
1503021133,18726081,45.15,9.72386800,0
1503021133,18726080,45.15,36.30000000,0
1503021132,18726079,45.15,1.66444600,0
1503021124,18726046,45.15,48.28416900,0
1503021124,18726044,45.14,2.35000000,0
1503021121,18726041,45.15,0.59000000,0
1503021121,18726040,45.14,1.41000000,0
1503021115,18726030,45.05,1.72263000,1
1503021111,18726027,45.05,7.99559000,1
1503021106,18726025,45.15,0.55238095,0
1503021106,18726024,45.14,0.00000500,0
1503021104,18726022,45.14,1.67999500,0
1503021079,18726006,45.10,3.00000000,0
1503021068,18725997,45.09,1.00000000,0
1503021012,18725957,45.00,20.41376441,0
1503021004,18725953,44.99,2.37000000,1
1503021002,18725952,45.00,8.96880800,0
1503020998,18725951,45.00,3.81000000,0
1503020998,18725950,45.00,3.81000000,0
1503020998,18725949,45.00,3.81000000,0
1503020998,18725948,45.00,3.81000000,0
1503020998,18725947,45.00,3.81000000,0
1503020998,18725946,45.00,1.81000000,0
1503020998,18725945,45.00,1.00000000,0
1503020997,18725944,45.00,1.00000000,0
1503020997,18725943,45.00,1.00000000,0
1503020997,18725942,44.99,2.81000000,0
1503020997,18725941,44.99,1.00000000,0
1503020992,18725939,44.95,12.11366875,0
1503020992,18725938,44.95,50.00000000,0
1503020991,18725936,44.95,50.00000000,0
1503020991,18725933,44.95,50.00000000,0
1503020991,18725932,44.95,50.00000000,0
1503020991,18725930,44.95,50.00000000,0
1503020990,18725929,44.95,50.00000000,0
1503020990,18725928,44.95,50.00000000,0
1503020990,18725927,44.95,50.00000000,0
1503020990,18725925,44.95,50.00000000,0
1503020988,18725923,44.95,50.00000000,0
1503020988,18725922,44.95,50.00000000,0
1503020988,18725921,44.95,50.00000000,0
1503020987,18725920,44.95,11.07335600,0
1503020987,18725919,44.95,50.00000000,0
1503020987,18725918,44.95,1.50000000,0
1503020986,18725916,44.94,1.50000000,0
1503020984,18725909,44.94,1.84000000,1
1503020974,18725903,44.95,14.11978600,0
1503020974,18725902,44.94,3.97000000,1
1503020967,18725901,44.95,9.18177000,0
1503020967,18725900,44.95,4.99011400,0
1503020967,18725899,44.95,0.77027754,0
1503020964,18725897,44.94,5.81000000,1
1503020963,18725896,44.94,5.81000000,0
1503020907,18725871,44.94,4.32880200,0
1503020902,18725870,44.94,0.93059900,0
1503020884,18725862,44.95,35.43480642,0
1503020882,18725860,44.95,0.77027754,0
1503020876,18725851,44.95,6.15817575,0
1503020876,18725850,44.94,0.50000000,1
1503020871,18725847,44.95,20.88776800,0
1503020871,18725846,44.94,0.58000000,0
1503020868,18725840,44.89,0.00000009,0
1503020866,18725833,44.88,0.61000000,1
1503020865,18725832,44.89,0.99999991,0
1503020865,18725831,44.89,0.98840909,0
1503020853,18725829,44.85,0.61000000,0
1503020831,18725808,44.79,1.00000000,0
1503020821,18725802,44.74,50.00000000,0
1503020801,18725794,44.69,1.00000000,0
1503020776,18725775,44.66,10.00000000,0
1503020776,18725774,44.64,50.00000000,0
1503020772,18725765,44.63,0.77027754,0
1503020768,18725755,44.59,1.00000000,0
1503020734,18725730,44.50,0.77027754,0
1503020707,18725695,44.49,1.72000000,1
1503020705,18725690,44.50,0.22972246,0
1503020704,18725686,44.49,17.59726228,0
1503020704,18725685,44.49,55.22098138,0
1503020703,18725684,44.49,30.00000000,0
1503020702,18725680,44.49,173.20000000,0
1503020701,18725679,44.49,13.93700000,0
1503020700,18725677,44.49,33.11600000,0
1503020700,18725676,44.49,17.44149400,0
1503020698,18725675,44.49,8.16027754,0
1503020698,18725674,44.48,2.04000000,0
1503020691,18725668,44.49,132.23016408,0
1503020689,18725666,44.48,2.43000000,0
1503020682,18725660,44.48,0.22972246,0
1503020680,18725658,44.48,0.28345263,0
1503020677,18725657,44.49,19.98408300,0
1503020660,18725652,44.49,7.45000000,0
1503020659,18725651,44.48,2.98000000,0
1503020649,18725648,44.49,6.89000000,0
1503020649,18725647,44.48,3.54000000,0
1503020638,18725644,44.49,6.22000000,0
1503020638,18725643,44.48,4.21000000,0
1503020626,18725628,44.46,5.22999500,0
1503020617,18725615,44.49,1.15000000,0
1503020617,18725614,44.49,5.00000000,0
1503020617,18725613,44.47,1.24000000,0
1503020613,18725608,44.35,3.33912988,0
1503020613,18725607,44.35,50.00000000,0
1503020613,18725606,44.35,50.00000000,0
1503020612,18725605,44.35,50.00000000,0
1503020612,18725604,44.35,50.00000000,0
1503020612,18725602,44.35,50.00000000,0
1503020611,18725600,44.35,50.00000000,0
1503020610,18725595,44.34,6.22000000,0
1503020606,18725591,44.35,3.04000000,0
1503020605,18725589,44.35,139.19295400,0
1503020601,18725584,44.35,3.04000000,0
1503020600,18725583,44.34,7.39000000,0
1503020596,18725578,44.35,9.38791612,0
1503020595,18725577,44.35,2.12308388,0
1503020588,18725569,44.34,8.77000000,1
1503020586,18725568,44.35,11.51100000,0
1503020586,18725566,44.35,10.43000000,0
1503020585,18725564,44.35,11.51100000,0
1503020584,18725563,44.35,11.51100000,0
1503020583,18725562,44.35,11.51100000,0
1503020581,18725561,44.35,11.51100000,0
1503020578,18725559,44.34,10.43000000,1
1503020576,18725557,44.35,80.28791512,0
1503020573,18725555,44.35,164.55000000,0
1503020570,18725550,44.35,81.21854500,0
1503020568,18725548,44.34,12.39000000,1
1503020561,18725542,44.35,61.83545600,0
1503020560,18725540,44.34,14.72000000,0
1503020555,18725535,44.34,3.43549500,0
1503020510,18725498,44.25,48.59702000,0
1503020510,18725497,44.25,50.00000000,0
1503020509,18725496,44.25,61.73000000,0
1503020501,18725490,44.25,36.98504200,0
1503020500,18725487,44.24,0.11109404,0
1503020499,18725486,44.24,6.40890596,0
1503020485,18725479,44.16,0.70580000,1
1503020485,18725478,44.18,11.51100000,1
1503020482,18725474,44.25,112.00000000,0
1503020479,18725473,44.24,7.62000000,1
1503020473,18725469,44.24,9.05000000,0
1503020469,18725465,44.19,12.22370000,1
1503020466,18725464,44.25,34.90793800,0
1503020460,18725461,44.25,59.40000000,0
1503020460,18725460,44.24,10.75000000,0
1503020451,18725458,44.24,12.77000000,0
1503020442,18725448,44.24,15.17000000,0
1503020424,18725414,44.19,11.17126700,0
1503020421,18725411,44.15,1.92644000,1
1503020417,18725404,44.20,69.98520373,0
1503020417,18725403,44.19,20.13000000,0
1503020154,18725203,43.64,0.24000000,1
1503020036,18725115,43.72,0.00003000,1
1503020036,18725113,43.89,16.27940000,1
1503020036,18725112,43.89,16.27940000,1
1503020036,18725111,43.89,16.27940000,1
1503020036,18725110,43.89,16.27940000,1
1503020035,18725109,43.89,16.27940000,1
1503020035,18725107,43.89,13.75467000,1
1503020035,18725106,43.90,2.50600000,1
1503020019,18725103,43.90,12.49400000,1
1503020017,18725102,43.89,2.52473000,1
1503020010,18725093,43.92,12.47905237,1
1503020002,18725089,43.92,16.29610000,1
1503019999,18725088,43.92,0.95000000,1
1503019997,18725087,43.92,0.60000000,1
1503019997,18725086,43.93,5.57000000,1
1503019991,18725084,43.91,0.02250000,1
1503019991,18725083,43.92,15.00000000,1
1503019949,18725054,44.02,6.86198978,1
1503019947,18725050,44.02,9.36824830,1
1503019934,18725038,44.03,1.90000000,1
1503019907,18725030,44.02,4.07866500,1
1503019880,18725022,44.02,4.78000000,1
1503019869,18725016,44.03,0.99000000,1
1503019867,18725015,44.02,0.95000000,1
1503019867,18725014,44.02,0.99800000,1
