date,tid,price,amount,type
1503082392,18776450,0.15956,487.72789800,0
1503082392,18776449,0.15955,859.44756000,0
1503082331,18776379,0.15908,3155.91037500,1
1503082330,18776377,0.15951,547.96912000,0
1503082310,18776311,0.15959,5278.61356400,1
1503082307,18776309,0.15959,11649.43436200,1
1503082301,18776301,0.15959,2169.13797400,1
1503082300,18776300,0.15959,3109.47559000,1
1503082299,18776298,0.15959,516.44939000,1
1503082285,18776291,0.15959,613.60323000,1
1503082275,18776284,0.15959,923.00000000,1
1503082272,18776279,0.15959,729.03354000,1
1503082259,18776271,0.15959,866.17846000,1
1503082259,18776270,0.15959,3314.56411000,1
1503082246,18776258,0.15959,1015.95461000,1
1503082233,18776254,0.15959,1207.07478000,1
1503082219,18776250,0.15959,1434.14826000,1
1503082206,18776224,0.15959,1703.93853000,1
1503082193,18776216,0.15959,2024.48142000,1
1503082180,18776191,0.15959,2405.32446000,1
1503082167,18776187,0.15959,2857.81124000,1
1503082153,18776178,0.15959,4135.52585000,1
1503082152,18776177,0.15949,3934.25063000,0
1503081864,18775962,0.15942,1164.45557900,1
1503081817,18775914,0.15942,1869.08635100,1
1503081752,18775889,0.15943,1349.24983000,0
1503081751,18775888,0.15923,0.75017000,0
1503081670,18775816,0.15950,500.09083000,1
1503081669,18775814,0.15950,508.92800000,1
1503081665,18775807,0.15950,604.87713139,0
1503081655,18775803,0.15922,1283.00000000,1
1503081600,18775749,0.15896,999.03004000,1
1503081397,18775651,0.15956,1952.10650000,0
1503081392,18775647,0.15956,1524.36956300,0
1503081386,18775643,0.15957,826.09333000,0
1503081386,18775642,0.15957,4130.46665000,0
1503081266,18775541,0.15848,7991.99999990,0
1503081266,18775540,0.15850,40.00000000,1
1503081266,18775539,0.15850,208.00000000,1
1503081265,18775538,0.15860,40.00000000,1
1503081265,18775537,0.15860,238.39125000,1
1503081265,18775536,0.15860,65.02394520,1
1503081265,18775535,0.15860,71.75660222,1
1503081265,18775534,0.15860,31.75660222,1
1503081265,18775533,0.15860,71.75660222,1
1503081264,18775532,0.15860,71.75660222,1
1503081264,18775531,0.15860,71.75660222,1
1503081264,18775530,0.15860,71.75660222,1
1503081264,18775529,0.15860,106.04519148,1
1503081264,18775528,0.15870,40.00000000,1
1503081263,18775527,0.15880,40.00000000,1
1503081263,18775526,0.15880,800.00000000,1
1503081263,18775525,0.15890,40.00000000,1
1503081262,18775524,0.15900,0.00000010,1
1503081006,18775393,0.15952,200.10030090,0
1503080953,18775361,0.15929,1283.00000000,1
1503080878,18775316,0.15960,5907.31783000,0
1503080877,18775315,0.15959,5097.68217000,0
1503080677,18775210,0.15960,283.96995526,0
1503080565,18775142,0.15946,1226.13585852,1
1503080115,18774752,0.15940,250.26633100,0
1503080106,18774746,0.15943,1602.72265800,0
1503080102,18774742,0.15941,8990.06431000,0
1503080024,18774690,0.15900,799.99999990,1
1503080023,18774688,0.15910,40.00000000,1
1503080023,18774686,0.15910,36.00000000,1
1503080023,18774685,0.15920,33.07500000,1
1503080023,18774684,0.15920,357.65447510,1
1503080018,18774680,0.15960,46.50630000,0
1503079969,18774617,0.15920,442.34552490,1
1503079969,18774614,0.15940,122.32457200,1
1503079968,18774612,0.15940,268.40490310,1
1503079960,18774596,0.15991,1010.00000000,0
1503079960,18774592,0.15940,409.27052490,1
1503079960,18774590,0.15941,456.28629710,1
1503079959,18774587,0.15941,124.25801506,1
1503079959,18774585,0.15941,582.58424278,1
1503079958,18774582,0.15941,189.81483716,1
1503079953,18774556,0.15941,390.72947500,1
1503079951,18774539,0.15991,2949.41531000,0
1503079942,18774535,0.15960,800.00000000,1
1503079942,18774534,0.15968,675.72843978,1
1503079937,18774533,0.15997,903.62477000,0
1503079930,18774520,0.15969,1378.60332335,1
1503079929,18774519,0.15980,782.63597493,1
1503079929,18774518,0.16000,70.81905681,1
1503079929,18774517,0.16000,84.28432166,1
1503079929,18774516,0.16000,562.00000000,1
1503079929,18774515,0.16000,3311.04284325,1
1503079910,18774501,0.16054,6166.74971969,0
1503079908,18774496,0.16000,10000.00000000,1
1503079901,18774475,0.16000,10000.00000000,1
1503079897,18774470,0.16000,782.63597500,1
1503079894,18774459,0.16000,1931.75051000,1
1503079892,18774452,0.16000,33974.57067175,1
1503079891,18774450,0.16000,33865.00000000,1
1503079891,18774449,0.16000,100.00000000,1
1503079891,18774445,0.16000,5650.30446125,1
1503079890,18774441,0.16000,4187.12486700,1
1503079890,18774438,0.16000,16725.86380000,1
1503079890,18774435,0.16000,4038.17094700,1
1503079889,18774432,0.16000,27664.05114000,1
1503079889,18774430,0.16000,6394.06977434,1
1503079889,18774428,0.16000,4934.39398000,1
1503079888,18774425,0.16000,30573.99110083,1
1503079888,18774422,0.16000,4917.24657400,1
1503079795,18774312,0.16000,8979.88214000,1
1503079777,18774298,0.16000,277.81120000,1
1503079763,18774288,0.16000,2952.41348600,1
1503079763,18774287,0.16001,960.79986000,1
1503079646,18774199,0.16143,1112.24679428,0
1503079609,18774119,0.16146,953.01479000,0
1503079607,18774112,0.16076,950.34100000,0
1503079593,18774033,0.16076,332.65900000,0
1503079476,18773842,0.16000,3100.52112100,1
1503079212,18773545,0.16000,477.13179500,1
1503079212,18773544,0.16001,2500.00000000,1
1503079163,18773511,0.16000,8099.97594000,1
1503079161,18773500,0.16000,8671.33112680,1
1503079160,18773498,0.16001,2805.23658820,1
1503079159,18773492,0.16001,61187.82190000,1
1503079159,18773491,0.16002,2805.23658800,1
1503079158,18773485,0.16002,5776.14511200,1
1503079158,18773483,0.16003,1714.36399000,1
1503079021,18773403,0.16001,4506.08386900,1
1503078896,18773310,0.16059,52.90672258,0
1503078816,18773232,0.16000,2578.00000000,1
1503078814,18773231,0.16000,7262.16093100,1
1503078801,18773228,0.16001,770.00000000,1
1503078801,18773227,0.16001,15340.62000222,1
1503078794,18773223,0.16001,1355.64478278,1
1503078794,18773222,0.16002,391.28719822,1
1503078793,18773220,0.16002,836.79694300,1
1503078699,18773163,0.16001,1169.97259600,1
1503078677,18773148,0.16065,461.93588547,0
1503078630,18773092,0.16001,2614.08083500,1
1503078605,18773050,0.16001,10000.00000000,1
1503078600,18773044,0.16001,73868.78780300,1
1503078595,18773009,0.16001,6870.06237000,1
1503078584,18772997,0.16001,3826.57036100,1
1503078579,18772978,0.16080,2.07014039,0
1503078578,18772977,0.16073,170.51915291,1
1503078578,18772972,0.16073,4.75631400,0
1503078568,18772941,0.16001,1389.19618400,1
1503078563,18772913,0.16001,3033.31201600,1
1503078562,18772911,0.16002,970.62691000,1
1503078562,18772909,0.16005,657.19069400,1
1503078559,18772894,0.16005,3704.10723500,1
1503078558,18772890,0.16006,4852.62730000,1
1503078548,18772848,0.16005,2500.00000000,1
1503078536,18772806,0.16005,4138.70207100,1
1503078536,18772804,0.16020,35.00000000,1
1503078536,18772802,0.16021,4026.45302000,1
1503078536,18772801,0.16021,1534.64641100,1
1503078532,18772770,0.16021,30416.90563000,1
1503078529,18772741,0.16021,14340.81989400,1
1503078529,18772740,0.16021,6442.61435100,1
1503078528,18772736,0.16022,4285.13580000,1
1503078528,18772729,0.16022,1071.84785000,1
1503078522,18772693,0.16021,9338.16605800,1
1503078519,18772681,0.16021,5745.73715500,1
1503078516,18772673,0.16021,28154.65748100,1
1503078515,18772672,0.16030,22861.04467000,1
1503078490,18772638,0.16030,5521.45337900,1
1503078475,18772625,0.16030,3412.17431500,1
1503078474,18772624,0.16030,7205.32763600,1
1503078474,18772623,0.16031,8054.44857000,1
1503078307,18772477,0.16100,3172.10368600,1
1503078299,18772466,0.16100,4673.42043900,1
1503078293,18772451,0.16102,7178.75866300,1
1503078264,18772438,0.16101,2826.07000000,1
1503078260,18772417,0.16101,1342.84992400,1
1503078250,18772412,0.16101,1355.27752300,1
1503078247,18772406,0.16101,991.04440738,0
1503078245,18772402,0.16100,10000.00000000,1
1503078244,18772400,0.16100,10000.00000000,1
1503078244,18772399,0.16100,10000.00000000,1
1503078243,18772397,0.16100,150.00000000,1
1503078236,18772393,0.16100,927.59330000,1
1503078234,18772391,0.16100,1375.68801500,1
1503078233,18772388,0.16100,812.32667000,1
1503078233,18772387,0.16100,4061.63333000,1
1503078231,18772385,0.16101,1157.98180000,1
1503078224,18772379,0.16101,688.14582851,1
1503078224,18772378,0.16154,87.88317149,1
1503078224,18772377,0.16154,247.94299400,0
1503078221,18772376,0.16100,510.00000000,0
1503078221,18772375,0.16097,1002.87243000,0
1503078221,18772374,0.16097,5014.36213000,0
1503078221,18772373,0.16097,10000.00000000,0
1503078221,18772372,0.16095,210.00000000,0
1503078177,18772290,0.16070,40556.32047300,1
1503078177,18772287,0.16070,11632.85933800,1
1503078173,18772279,0.16097,309.87140461,0
1503078163,18772273,0.16070,1110.82018900,1
1503078037,18772215,0.16152,1833.02488855,1
1503078037,18772214,0.16097,3500.00000000,0
1503078037,18772213,0.16085,1238.11411000,1
1503078035,18772212,0.16044,6190.57053000,1
1503078035,18772211,0.16044,2692.34000000,0
1503078013,18772192,0.16023,1371.66000000,0
1503078000,18772179,0.16001,395.16989000,1
1503078000,18772178,0.16002,2500.00000000,1
1503077872,18771989,0.16001,3000.00000000,1
1503077861,18771975,0.16001,27136.58316000,1
1503077745,18771755,0.16000,19775.32762737,1
1503077745,18771751,0.16000,301.22961100,1
1503077745,18771749,0.16000,2941.82641000,1
1503077745,18771747,0.16000,1218.57128100,1
1503077745,18771746,0.16000,42721.42779200,1
1503077744,18771743,0.16000,28725.47534085,1
1503077744,18771741,0.16000,3993.82525000,1
1503077744,18771740,0.16000,2837.87230356,1
1503077744,18771739,0.16001,11223.64215000,1
1503077744,18771737,0.16005,1000.00000000,1
1503077743,18771736,0.16005,72.12571701,1
1503077743,18771734,0.16010,40.00000000,1
1503077743,18771733,0.16015,90.00000000,1
1503077743,18771731,0.16020,800.00000000,1
1503077742,18771727,0.16097,551.54326000,0
1503077734,18771709,0.16040,727.22945800,1
1503077734,18771708,0.16040,72.77054200,1
1503077734,18771707,0.16060,800.00000000,1
1503077721,18771653,0.16097,7909.47411000,0
1503077715,18771622,0.16097,56.98559632,0
1503077713,18771611,0.16099,1863.46978073,0
1503077705,18771582,0.16100,1528.28152173,1
1503077705,18771580,0.16100,441.81785900,1
1503077705,18771578,0.16100,3087.99549700,1
1503077704,18771576,0.16100,22940.37328800,1
1503077704,18771574,0.16100,441.81785900,1
1503077704,18771573,0.16100,3087.99549700,1
1503077704,18771570,0.16100,800.00000000,1
1503077704,18771568,0.16101,80.00000000,1
1503077679,18771533,0.16110,40.00000000,1
1503077672,18771526,0.16111,21199.05112600,0
1503077660,18771507,0.16111,1300.00000000,1
1503077613,18771434,0.16112,5227.89990089,1
1503077601,18771398,0.16179,0.00000600,1
1503077601,18771397,0.16179,247.94300000,1
1503077597,18771395,0.16188,252.23996294,0
1503077574,18771322,0.16179,33.33240000,0
1503077573,18771319,0.16120,800.00000000,1
1503077564,18771295,0.16156,0.00000044,1
1503077545,18771267,0.16156,1475.84923600,1
1503077544,18771266,0.16188,1688.67000000,0
1503077536,18771235,0.16188,35.63600000,0
1503077528,18771206,0.16156,425.15076356,1
1503077527,18771205,0.16160,353.09570144,1
1503077512,18771126,0.16160,446.90429856,1
1503077512,18771125,0.16160,553.09570144,1
1503077507,18771105,0.16160,246.34469028,1
1503077507,18771104,0.16160,699.48157172,1
1503077506,18771103,0.16181,914.99484000,1
1503077494,18771051,0.16199,4567.96063000,0
1503077490,18771031,0.16168,363.00000000,1
1503077490,18771030,0.16180,800.00000000,1
1503077490,18771028,0.16200,800.00000000,1
1503077489,18771024,0.16200,1539.10086091,1
1503077487,18771012,0.16200,10649.21688456,1
1503077487,18771010,0.16200,1000.00000000,1
1503077487,18771009,0.16200,13050.88240700,1
1503077487,18771006,0.16206,41075.25294865,1
1503077485,18771002,0.16250,3924.23434000,1
1503077485,18771001,0.16239,999.99999000,0
1503077485,18771000,0.16238,5075.76567000,0
1503077485,18770997,0.16237,10000.00000000,0
1503077483,18770981,0.16206,32307.78500000,1
1503077483,18770978,0.16206,1118.48079300,1
1503077482,18770971,0.16206,406.52700000,1
1503077481,18770956,0.16206,1245.41929700,1
1503077479,18770935,0.16206,666.57800000,1
1503077479,18770933,0.16206,9106.63139200,1
1503077479,18770932,0.16206,47314.60484862,1
1503077479,18770930,0.16206,1000.00000000,1
1503077479,18770929,0.16210,128.00000000,1
1503077478,18770928,0.16211,665.57978338,1
1503077469,18770877,0.16220,800.00000000,1
1503077453,18770824,0.16239,0.00001000,1
1503077445,18770814,0.16239,68.74539000,1
1503077445,18770813,0.16239,6997.29929000,1
1503077445,18770812,0.16240,1895.22652000,1
1503077436,18770797,0.16240,10000.00000000,1
1503077399,18770761,0.16240,2961.41286900,1
1503077385,18770733,0.16240,3685.92069400,1
1503077385,18770732,0.16240,50.00000000,1
1503077385,18770731,0.16240,800.00000000,1
1503077359,18770636,0.16352,10000.00000000,0
1503077340,18770557,0.16260,60.01036400,1
1503077339,18770556,0.16260,369.35019623,1
1503077339,18770555,0.16260,353.29250100,1
1503077339,18770554,0.16302,120.00000000,1
1503077339,18770553,0.16340,42.92000000,1
1503077334,18770530,0.16368,453.09777000,0
1503077334,18770529,0.16366,9546.90223000,0
1503077242,18770262,0.16355,1611.79113900,1
1503077242,18770261,0.16359,100.00000000,1
1503077189,18770184,0.16340,610.40375170,1
1503077189,18770183,0.16340,5441.19523000,1
1503077189,18770182,0.16340,2549.42433800,1
1503077188,18770180,0.16370,100.00000000,1
1503077177,18770172,0.16399,175.00000000,0
1503077143,18770139,0.16341,7206.84201100,1
1503077130,18770119,0.16340,6696.99075200,1
1503077130,18770118,0.16340,1249.81911800,1
1503077127,18770116,0.16340,724.65280000,1
1503077127,18770113,0.16340,2727.51401030,1
1503077126,18770111,0.16344,4673.37453000,1
1503077108,18770104,0.16376,609.12310699,0
1503077105,18770099,0.16415,148.19338595,1
1503077105,18770098,0.16416,4141.25579000,1
1503077099,18770097,0.16416,1000.00000000,1
1503077098,18770096,0.16415,19208.01900000,1
1503077071,18770052,0.16416,2301.89417000,1
1503077069,18770043,0.16415,2643.78761405,0
1503077062,18770040,0.16415,91.13615595,0
1503077016,18769987,0.16416,3152.33236000,0
1503076970,18769951,0.16408,586.92200000,0
1503076877,18769897,0.16388,1215.59901600,0
1503076875,18769894,0.16388,2295.05777400,0
1503076863,18769880,0.16388,1437.98331100,0
1503076821,18769856,0.16370,559.70700000,0
1503076536,18769572,0.16362,40.00000000,1
1503076461,18769474,0.16494,654.17727659,0
1503076353,18769344,0.16496,73.00000000,0
1503076300,18769316,0.16420,50.00000000,1
1503076157,18769209,0.16460,538.04600000,1
1503076149,18769196,0.16436,3436.44855170,0
1503076148,18769194,0.16454,610.40380000,1
1503076148,18769193,0.16455,610.40380000,1
1503076148,18769192,0.16455,0.00004830,1
1503076147,18769190,0.16459,610.40380000,1
1503076084,18769156,0.16461,610.40380000,1
1503076083,18769155,0.16461,610.40380000,1
1503076052,18769143,0.16464,1055.02270400,1
1503076039,18769137,0.16463,4815.78464400,1
1503076028,18769133,0.16462,1054.75218600,1
1503076023,18769127,0.16462,2241.10079600,1
1503076010,18769110,0.16468,804.31848900,1
1503075976,18769064,0.16499,199.24438400,1
1503075975,18769061,0.16499,584.35998000,0
1503075940,18769032,0.16452,610.40375170,0
1503075912,18768999,0.16452,5441.19523000,0
1503075912,18768998,0.16451,610.40377000,0
1503075907,18768991,0.16452,9246.41509000,0
1503075907,18768990,0.16451,753.58491000,0
1503075852,18768937,0.16451,100.00000000,0
1503075832,18768921,0.16451,1725.75530000,0
1503075832,18768920,0.16450,345.15106000,0
1503075787,18768888,0.16452,1249.81911800,0
1503075782,18768883,0.16452,724.65280000,0
1503075782,18768882,0.16451,1474.24767000,0
1503075781,18768881,0.16450,294.84953000,0
1503075772,18768858,0.16451,2262.27264000,0
1503075772,18768857,0.16428,452.45453000,0
1503075764,18768849,0.16452,2727.51401030,0
1503075764,18768848,0.16452,3312.78120000,0
1503075764,18768847,0.16429,120.00000000,0
1503075757,18768843,0.16452,912.78120000,0
1503075757,18768842,0.16450,1024.15186900,0
1503075757,18768841,0.16450,465.84813100,0
1503075757,18768840,0.16429,848.85390000,0
1503075756,18768839,0.16429,1.65635000,0
1503075754,18768834,0.16429,4242.61316000,0
1503075748,18768828,0.16430,2098.06820919,0
1503075650,18768757,0.16345,2382.50000000,0
1503075630,18768747,0.16305,120.00000000,1
1503075623,18768743,0.16265,35832.62319757,0
1503075622,18768742,0.16280,800.00000000,1
1503075622,18768741,0.16300,800.00000000,1
1503075622,18768740,0.16300,5000.00000000,0
1503075622,18768739,0.16300,2500.00000000,0
1503075621,18768738,0.16320,800.00000000,1
1503075621,18768737,0.16323,8966.39200000,0
1503075621,18768736,0.16340,1424.98480243,1
1503075620,18768735,0.16340,800.00000000,1
1503075620,18768734,0.16360,249.57262967,1
1503075620,18768733,0.16360,550.42737033,1
1503075618,18768731,0.16380,800.00000000,1
1503075605,18768722,0.16400,800.00000000,1
1503075605,18768720,0.16418,50.00000000,1
1503075605,18768717,0.16420,31.50000000,1
1503075605,18768715,0.16420,800.00000000,1
1503075569,18768701,0.16449,3000.00000000,0
1503075561,18768695,0.16450,1424.98480243,0
1503075478,18768600,0.16451,176.46343687,0
1503075466,18768582,0.16451,151.79754400,0
1503075461,18768573,0.16451,106.52540000,1
1503075453,18768564,0.16451,1995.81511100,0
1503075440,18768555,0.16451,2854.80236000,0
1503075430,18768544,0.16451,2847.15939681,0
1503075426,18768537,0.16440,800.00000000,1
1503075422,18768532,0.16460,800.00000000,1
1503075421,18768531,0.16460,800.00000000,1
1503075420,18768530,0.16480,200.43215931,1
1503075420,18768528,0.16480,599.56784069,1
1503075416,18768526,0.16500,510.44729396,1
1503075416,18768525,0.16510,402.33387100,1
1503075403,18768510,0.16510,512.16612900,1
1503075398,18768502,0.16603,3397.10893000,0
1503075397,18768500,0.16603,1621.77260000,0
1503075397,18768499,0.16602,10000.00000000,0
1503075376,18768487,0.16609,1785.47628689,0
1503075289,18768433,0.16625,2726.63058159,0
1503075259,18768409,0.16630,1001.68370415,0
1503075132,18768277,0.16689,4491.75978189,0
1503075131,18768276,0.16688,1089.37986000,1
1503075131,18768275,0.16688,5446.89931000,1
1503075130,18768274,0.16688,21354.42200000,0
1503075087,18768264,0.16500,289.55270604,1
1503075087,18768263,0.16520,800.00000000,1
1503075086,18768262,0.16611,172.44729396,1
1503075085,18768258,0.16520,1624.60618574,0
1503075084,18768257,0.16540,800.00000000,1
1503075084,18768256,0.16560,556.40829262,1
1503075084,18768255,0.16560,105.00081800,1
1503075084,18768253,0.16560,132.05450000,1
1503075083,18768251,0.16580,258.31100000,1
1503075083,18768250,0.16580,541.68900000,1
1503075083,18768249,0.16600,525.47775000,1
1503075082,18768248,0.16600,250.52222798,1
1503075082,18768247,0.16620,800.00000000,1
1503075082,18768246,0.16640,800.00000000,1
1503075081,18768244,0.16660,212.43725200,1
1503075081,18768242,0.16660,587.56274800,1
1503075081,18768240,0.16680,1.11057800,1
1503075076,18768237,0.16680,786.45217500,1
1503075071,18768235,0.16700,800.00000000,1
1503075071,18768234,0.16705,200.00000000,1
1503075066,18768226,0.16735,2483.30880000,0
1503075045,18768207,0.16737,5200.00000000,0
1503075045,18768206,0.16736,4761.37634000,0
1503075030,18768167,0.16748,200.00000000,1
1503075029,18768166,0.16750,4600.00000000,1
1503075028,18768163,0.16773,737.00000000,1
1503075028,18768162,0.16774,109.53375302,1
1503075028,18768158,0.16774,1738.73966500,1
1503075028,18768156,0.16801,2500.00000000,1
1503075027,18768155,0.16801,1098.26033500,1
1503075027,18768154,0.16801,3901.73966500,1
1503075026,18768152,0.16813,2500.00000000,1
1503075026,18768151,0.16814,1098.26033500,1
1503074944,18768059,0.16917,5474.78053078,0
1503074944,18768058,0.16915,1098.26034000,0
1503074943,18768057,0.16900,0.00014722,0
1503074936,18768046,0.16900,3536.21972926,0
1503074936,18768044,0.16899,0.00010159,0
1503074935,18768038,0.16899,5491.30158841,0
1503074932,18768033,0.16900,13788.09072871,0
1503074923,18768020,0.16823,25000.00000000,1
1503074923,18768018,0.16900,6380.59171598,0
1503074921,18768014,0.16900,6000.00000000,0
1503074921,18768008,0.16900,14456.43056000,0
1503074920,18768007,0.16900,55838.66711883,0
1503074901,18768000,0.16917,184.00000000,1
1503074901,18767999,0.16917,184.00000000,1
1503074901,18767998,0.16917,89.00000000,1
1503074871,18767965,0.16918,2499.99999980,1
1503074871,18767964,0.16920,30.00000000,1
1503074870,18767963,0.16921,146.71776220,1
1503074812,18767903,0.16969,325.96400000,0
1503074804,18767897,0.16969,172.06935231,0
1503074791,18767887,0.16970,14493.13082800,0
1503074791,18767886,0.16969,3562.84784000,0
1503074761,18767852,0.16969,1651.42881800,0
1503074757,18767848,0.16969,2580.81446300,0
1503074739,18767824,0.16970,10128.35380100,0
1503074738,18767822,0.16970,9581.85375700,0
1503074737,18767820,0.16970,2883.64000000,0
1503074710,18767804,0.16988,3437.33665400,0
1503074710,18767803,0.16987,929.31056000,0
1503074709,18767802,0.16987,0.00002000,1
1503074707,18767799,0.16987,929.31058000,0
1503074673,18767780,0.16989,30051.25020700,0
1503074673,18767779,0.16923,11027.20646800,0
1503074672,18767776,0.16923,8759.73926500,0
1503074671,18767775,0.16923,821.05711700,0
1503074670,18767772,0.16923,356.36900000,0
1503074670,18767770,0.16923,7643.59239000,0
1503074668,18767768,0.16923,2500.00000000,0
1503074668,18767767,0.16928,8197.91576000,1
1503074668,18767766,0.16936,2500.00000000,1
1503074667,18767764,0.16937,8931.12000000,1
1503074665,18767759,0.16989,1914.17792700,0
1503074652,18767740,0.16997,346.00000000,0
1503074652,18767737,0.16996,80.69846500,0
1503074651,18767733,0.16996,781.44062500,0
1503074651,18767732,0.16995,500.00000000,0
1503074647,18767728,0.16991,2731.52065500,0
1503074647,18767727,0.16985,1326.24639500,0
1503074647,18767725,0.16985,2494.99749900,0
1503074645,18767724,0.16985,489.45157600,0
1503074623,18767718,0.16987,686.18037593,0
1503074621,18767714,0.16980,200.00000000,0
1503074576,18767680,0.16991,1118.30440300,0
1503074572,18767676,0.16991,6150.17494200,0
1503074572,18767675,0.16930,6951.84672800,0
1503074569,18767673,0.16930,22035.46344300,0
1503074569,18767672,0.16928,6280.10833000,0
1503074557,18767663,0.16929,3039.54711400,0
1503074545,18767654,0.16930,14345.84394900,0
1503074545,18767653,0.16920,2508.20306900,0
1503074541,18767652,0.16917,95.00000000,1
1503074541,18767651,0.16917,184.00000000,1
1503074539,18767650,0.16919,8033.31084000,0
1503074537,18767649,0.16920,371.79693100,0
1503074534,18767648,0.16920,620.00000000,0
1503074531,18767645,0.16920,5000.00000000,1
1503074531,18767644,0.16920,2500.00000000,1
1503074520,18767638,0.16929,900.00000000,0
1503074507,18767606,0.16936,6666.84588000,1
1503074419,18767494,0.16999,27.80261421,1
1503074417,18767488,0.16989,724.75653000,0
1503074406,18767484,0.16891,184.00000000,0
1503074403,18767474,0.16990,29.37021778,0
1503074402,18767472,0.16997,8696.20427354,1
1503074379,18767466,0.16997,1168.96215000,1
1503074378,18767465,0.16997,5844.81075000,1
1503074376,18767463,0.16987,5995.00000000,0
1503074376,18767462,0.16987,10000.00000000,0
1503074376,18767461,0.16985,1168.96215000,0
1503074376,18767460,0.16985,5844.81075000,0
1503074376,18767459,0.16969,3865.00000000,0
1503074331,18767422,0.16997,6694.95502765,0
1503074331,18767421,0.16996,1426.12984000,0
1503074331,18767419,0.16989,18498.00000000,0
1503074330,18767418,0.16988,8081.57512000,0
1503074308,18767408,0.16706,307.55162073,1
1503074301,18767399,0.16996,4089.08560684,0
1503074297,18767387,0.16999,3864.72815534,0
1503074295,18767382,0.17000,117.88205467,1
1503074295,18767380,0.17000,3529.38970588,1
1503074293,18767376,0.17000,140.29149029,1
1503074292,18767374,0.17001,5057.45521674,1
1503074262,18767337,0.17005,2130.31977000,1
1503074261,18767336,0.17007,5594.68023000,1
1503074254,18767325,0.17012,838.93500000,1
1503074227,18767295,0.17098,1989.50135875,1
1503074225,18767294,0.17098,240.08661000,0
1503074220,18767293,0.17009,2411.84224000,1
1503074220,18767292,0.17010,17588.15776000,1
1503074202,18767282,0.17097,58.37281394,0
1503074195,18767278,0.17004,698.28700000,1
1503074179,18767253,0.17058,58.50627272,0
1503074169,18767246,0.17000,13443.21851000,1
1503074169,18767245,0.17001,6556.78149000,1
1503074154,18767206,0.17000,8651.22933957,1
1503074154,18767205,0.17110,16378.77066043,1
1503074153,18767203,0.17100,800.00000000,0
1503074153,18767200,0.17099,600.00000000,0
1503074152,18767195,0.17080,787.56275300,0
1503074152,18767192,0.17070,200.00000000,0
1503074152,18767191,0.17060,587.56274800,0
1503074151,18767190,0.17060,212.43725200,0
1503074151,18767188,0.17050,71.15443238,0
1503074151,18767184,0.17044,30000.00000000,0
1503074150,18767183,0.17040,800.00000000,0
1503074150,18767182,0.17039,7085.69041523,0
1503074150,18767181,0.17010,1000.00000000,1
1503074149,18767177,0.17039,11114.92458477,1
1503074148,18767173,0.17020,1000.00000000,0
1503074148,18767171,0.17020,800.00000000,0
1503074147,18767169,0.17010,1200.00000000,0
1503074147,18767167,0.17010,40.00000000,0
1503074146,18767165,0.17010,40.00000000,0
1503074146,18767164,0.17000,137.29764000,1
1503074145,18767163,0.17000,686.48818000,1
1503074144,18767162,0.17000,520.53000000,0
1503074144,18767161,0.17000,500.00000000,0
1503074144,18767160,0.17000,2500.00000000,0
1503074144,18767158,0.17000,25000.00000000,0
1503074144,18767157,0.17000,10000.00000000,0
1503074144,18767156,0.17000,10000.00000000,0
1503074144,18767154,0.17000,100.00000000,0
1503074144,18767152,0.17000,613.00000000,0
1503074143,18767151,0.17000,30.00000000,0
1503074143,18767150,0.17000,32000.00000000,0
1503074143,18767149,0.17000,64.80940321,0
1503074143,18767148,0.17000,25000.00000000,0
1503074143,18767147,0.17000,270.94682941,0
1503074143,18767146,0.17000,250.52222798,0
1503074143,18767145,0.17000,525.47775000,0
1503074143,18767144,0.16999,100.00000000,0
1503074142,18767143,0.16981,100.00000000,0
1503074142,18767142,0.16980,150.00000000,0
1503074142,18767141,0.16980,541.68900000,0
1503074142,18767140,0.16980,258.31100000,0
1503074142,18767139,0.16978,58058.02400000,0
1503074141,18767138,0.16960,132.05450000,0
1503074141,18767137,0.16960,105.00081800,0
1503074141,18767135,0.16960,556.40829262,0
1503074141,18767133,0.16940,800.00000000,0
1503074141,18767132,0.16930,208.00000000,0
1503074141,18767131,0.16920,1000.00000000,0
1503074141,18767130,0.16920,800.00000000,0
1503074141,18767129,0.16910,36.00000000,0
1503074140,18767128,0.16910,40.00000000,0
1503074140,18767127,0.16900,4828.00000000,0
1503074140,18767125,0.16900,202.85251254,0
1503074139,18767122,0.16900,1876.00000000,0
1503074138,18767121,0.16900,8021.14748746,0
1503074138,18767120,0.16900,800.00000000,0
1503074138,18767118,0.16900,6029.19432000,0
1503074137,18767117,0.16899,100.00000000,0
1503074137,18767116,0.16897,189.89713375,0
1503074137,18767115,0.16897,52.19560510,0
1503074137,18767114,0.16890,200.00000000,0
1503074136,18767112,0.16882,78.98846000,0
1503074136,18767111,0.16882,5238.96325069,0
1503074136,18767110,0.16882,1588.90080200,0
1503074135,18767106,0.16882,1212.03282731,0
1503074135,18767104,0.16881,57.45000000,0
1503074135,18767103,0.16880,599.56784069,0
1503074134,18767102,0.16880,200.43215931,0
1503074134,18767101,0.16879,221.44780000,0
1503074134,18767100,0.16867,1901.00000000,0
1503074134,18767099,0.16866,163.13023000,0
1503074133,18767098,0.16866,103.26566800,0
1503074132,18767097,0.16802,121.00000000,1
1503074131,18767096,0.16866,840.84310200,0
1503074122,18767086,0.16866,298.34523000,0
1503074122,18767085,0.16866,59.17229930,0
1503074120,18767079,0.16860,800.00000000,0
1503074120,18767078,0.16860,800.00000000,0
1503074120,18767077,0.16850,85.00000000,0
1503074108,18767066,0.16786,3219.00000000,1
1503074104,18767062,0.16840,5650.30446125,0
1503074104,18767061,0.16839,1873.67942000,0
1503074090,18767048,0.16777,10765.00000000,1
1503074089,18767047,0.16840,20912.98866700,0
1503074089,18767046,0.16840,4038.17094700,0
1503074089,18767045,0.16838,2741.96989000,0
1503074088,18767044,0.16840,27664.05114000,0
1503074087,18767042,0.16840,6394.06977434,0
1503074087,18767041,0.16840,4934.39398000,0
1503074086,18767040,0.16839,2741.96989000,0
1503074072,18767030,0.16840,97665.79304200,0
1503074071,18767029,0.16840,301.22961100,0
1503074067,18767027,0.16840,2941.82641000,0
1503074067,18767026,0.16839,2059.17359000,0
1503074059,18767016,0.16840,1218.57128100,0
1503074057,18767014,0.16840,42721.42779200,0
1503074056,18767011,0.16840,28725.47534085,0
1503074054,18767009,0.16839,1659.25819000,0
1503074045,18767000,0.16840,3993.82525000,0
1503074041,18766999,0.16840,2837.87230356,0
1503074041,18766998,0.16840,800.00000000,0
1503074039,18766995,0.16839,269.17392000,0
1503074039,18766994,0.16839,1345.86958000,0
1503074028,18766991,0.16820,800.00000000,0
1503074028,18766990,0.16819,332.31348000,0
1503074028,18766989,0.16810,40.00000000,0
1503074024,18766986,0.16800,1731.05264098,0
1503074024,18766985,0.16799,703.94524500,0
1503074022,18766979,0.16799,957.62213500,0
1503074022,18766978,0.16800,15767.62267547,0
1503074021,18766976,0.16800,2000.00000000,0
1503074021,18766975,0.16800,9511.94499953,0
1503074020,18766970,0.16800,2715.43184000,0
1503074015,18766963,0.16800,875.00202000,0
1503074012,18766957,0.16800,60839.95935700,0
1503074012,18766956,0.16800,6218.37970800,0
1503074011,18766954,0.16800,5001.00000000,0
1503074010,18766948,0.16800,4101.15314900,0
1503074009,18766947,0.16799,175.01010000,0
1503074005,18766944,0.16800,6734.18480200,0
1503074003,18766941,0.16745,1005.00000000,1
1503074002,18766940,0.16800,7435.23301200,0
1503074002,18766939,0.16799,32.05546900,0
1503074000,18766938,0.16799,175.87732100,0
1503073981,18766910,0.16740,5964.00000000,1
1503073962,18766887,0.16800,61996.20663500,0
1503073961,18766886,0.16800,38302.97902099,0
1503073961,18766885,0.16800,800.00000000,0
1503073961,18766884,0.16799,23643.44697901,0
1503073958,18766880,0.16798,374.07465000,0
1503073955,18766874,0.16799,5001.00000000,0
1503073952,18766868,0.16799,34855.19700000,0
1503073951,18766867,0.16799,5477.80623000,0
1503073951,18766866,0.16799,1000.00000000,0
1503073948,18766862,0.16731,32389.46803894,1
1503073948,18766861,0.16772,653.18726106,1
1503073948,18766860,0.16791,2053.34470000,1
1503073945,18766858,0.16798,100.00000000,0
1503073945,18766857,0.16798,367.19377000,0
1503073936,18766842,0.16799,4900.00000000,0
1503073935,18766840,0.16799,1511.64299700,0
1503073935,18766837,0.16799,13610.90679800,0
1503073935,18766836,0.16798,436.26982000,0
1503073927,18766822,0.16797,100.00000000,1
1503073926,18766820,0.16799,10000.00000000,0
1503073924,18766817,0.16798,359.87544900,0
1503073923,18766811,0.16797,340.87620000,1
1503073918,18766796,0.16797,396.47600000,1
1503073917,18766791,0.16798,158.46493100,1
1503073915,18766789,0.16797,396.47600000,1
1503073915,18766787,0.16798,158.39147000,0
1503073914,18766786,0.16797,396.47600000,1
1503073911,18766781,0.16797,396.47600000,1
1503073899,18766745,0.16790,1053.34468261,0
1503073899,18766744,0.16788,1000.00000000,0
1503073890,18766732,0.16782,1163.77663000,1
1503073886,18766727,0.16790,1446.65531739,0
1503073886,18766726,0.16790,1000.00000000,0
1503073886,18766724,0.16790,489.99999961,0
1503073885,18766723,0.16790,0.00000039,0
1503073885,18766722,0.16789,42106.22012061,0
1503073885,18766720,0.16780,5000.00000000,0
1503073885,18766718,0.16780,800.00000000,0
1503073885,18766717,0.16779,14618.08087000,0
1503073885,18766716,0.16779,1840.42179000,0
1503073885,18766715,0.16778,368.08436000,0
1503073882,18766713,0.16767,0.00003894,0
1503073882,18766712,0.16767,653.18730000,0
1503073880,18766709,0.16710,14615.00000000,1
1503073879,18766707,0.16761,500.00000000,1
1503073872,18766694,0.16760,0.00000200,1
1503073871,18766693,0.16760,9267.65075800,0
1503073870,18766692,0.16759,616.97104000,0
1503073868,18766686,0.16705,2572.42816000,1
1503073868,18766685,0.16705,1800.00000000,1
1503073861,18766681,0.16713,472.88720000,1
1503073858,18766680,0.16760,22087.87969300,0
1503073858,18766679,0.16750,0.00003600,0
1503073853,18766675,0.16750,7191.38242000,0
1503073853,18766674,0.16749,828.52668000,0
1503073848,18766669,0.16750,46886.23698700,0
1503073846,18766665,0.16750,228.62517200,0
1503073845,18766662,0.16750,5693.75538500,0
1503073845,18766661,0.16749,313.28822400,0
1503073839,18766656,0.16749,899.18984600,0
1503073837,18766653,0.16740,7236.51424100,0
1503073836,18766652,0.16711,2594.00000000,1
1503073835,18766651,0.16740,11210.91775900,0
1503073835,18766650,0.16740,10000.00000000,0
1503073834,18766649,0.16740,10000.00000000,0
1503073833,18766648,0.16740,10000.00000000,0
1503073833,18766646,0.16740,1440.56800000,0
1503073827,18766641,0.16708,3297.00000000,1
1503073819,18766606,0.16704,817.00000000,1
1503073819,18766605,0.16705,2500.00000000,1
1503073797,18766576,0.16760,18644.46954900,0
1503073796,18766575,0.16671,1689.09091000,1
1503073796,18766574,0.16672,1764.62294000,1
1503073795,18766573,0.16676,8821.50915000,1
1503073795,18766572,0.16676,5000.00000000,0
1503073795,18766571,0.16678,5000.00000000,1
1503073794,18766569,0.16680,13247.58700000,1
1503073793,18766568,0.16760,550.42737033,0
1503073793,18766567,0.16759,83.59760000,0
1503073785,18766559,0.16760,249.57262967,0
1503073785,18766558,0.16759,1000.00000000,0
1503073785,18766557,0.16750,500.00000000,0
1503073778,18766544,0.16700,319.30826000,0
1503073777,18766540,0.16700,2486.13904000,0
1503073774,18766537,0.16706,228.55270000,1
1503073773,18766536,0.16740,800.00000000,0
1503073773,18766535,0.16733,66.13307000,0
1503073773,18766534,0.16733,1202.79552010,0
1503073773,18766533,0.16733,1806.97482100,0
1503073773,18766531,0.16719,99.32388000,0
1503073772,18766527,0.16733,3721.63157890,0
1503073772,18766526,0.16732,48.10000000,0
1503073772,18766525,0.16720,800.00000000,0
1503073771,18766524,0.16718,254.16560510,0
1503073766,18766513,0.16711,2000.00000000,0
1503073761,18766512,0.16709,14879.35720500,0
1503073761,18766511,0.16706,151.97645000,0
1503073758,18766509,0.16709,5120.64279500,0
1503073758,18766506,0.16708,20000.00000000,0
1503073756,18766504,0.16707,16879.35720473,0
1503073747,18766494,0.16707,3120.64279527,0
1503073747,18766492,0.16706,180.56608000,0
1503073746,18766491,0.16700,800.00000000,0
1503073746,18766489,0.16681,688.45082473,0
1503073746,18766488,0.16679,1000.00000000,0
1503073742,18766485,0.16681,906.00000000,0
1503073740,18766483,0.16681,221.91462800,0
1503073738,18766482,0.16681,301.29615000,0
1503073738,18766481,0.16680,800.00000000,0
1503073733,18766475,0.16660,353.29250100,0
1503073733,18766474,0.16660,369.35019623,0
1503073733,18766473,0.16658,40.67475000,0
1503073733,18766472,0.16658,203.37376000,0
1503073731,18766466,0.16660,60.01036400,0
1503073730,18766464,0.16659,2857.65123900,0
1503073727,18766460,0.16659,7142.34876100,0
1503073727,18766459,0.16658,10000.00000000,0
1503073727,18766458,0.16657,17079.69804000,0
1503073726,18766457,0.16656,50.21574000,0
1503073726,18766455,0.16656,251.07871000,0
1503073707,18766446,0.16657,972.72491700,0
1503073707,18766445,0.16656,385.28702000,0
1503073707,18766444,0.16655,77.05740000,0
1503073682,18766425,0.16528,6946.96989000,1
1503073682,18766424,0.16529,18053.03011000,1
1503073672,18766420,0.16525,150.00000000,1
1503073638,18766402,0.16519,1899.00000000,1
1503073559,18766350,0.16656,5532.24075408,1
1503073559,18766349,0.16630,3000.00000000,0
1503073559,18766348,0.16600,1000.00000000,0
1503073558,18766347,0.16598,622.17686000,0
1503073558,18766346,0.16597,10000.00000000,0
1503073558,18766345,0.16580,81.97175900,0
1503073558,18766344,0.16579,124.43537000,0
1503073556,18766340,0.16500,0.00000025,0
1503073510,18766314,0.16500,10724.46177800,0
1503073510,18766312,0.16499,362.28197000,0
1503073476,18766270,0.16499,2952.18530400,0
1503073476,18766269,0.16498,447.26169000,0
1503073475,18766268,0.16497,89.45234000,0
1503073428,18766231,0.16413,758.84594000,1
1503073428,18766230,0.16416,664.23110000,1
1503073426,18766227,0.16407,664.23109560,0
1503073422,18766217,0.16406,1028.97997700,0
1503073421,18766216,0.16406,1259.77571300,0
1503073421,18766215,0.16405,432.18158000,0
1503073376,18766185,0.16404,0.00002000,1
1503073370,18766182,0.16400,624.15228000,0
1503073357,18766167,0.16311,8032.90212290,1
1503073342,18766150,0.16348,1503.95803700,1
1503073331,18766143,0.16347,690.82382000,1
1503073275,18766111,0.16406,6061.86900800,0
1503073274,18766110,0.16405,3237.89369000,0
1503073268,18766108,0.16395,3847.00240000,0
1503073224,18766084,0.16398,8707.75960482,0
1503073224,18766083,0.16395,10000.00000000,0
1503073224,18766082,0.16394,16594.59011000,0
1503073223,18766079,0.16372,184.00000000,0
1503073173,18766037,0.16339,1153.67578000,0
1503073173,18766036,0.16339,153.13261000,0
1503073173,18766035,0.16336,537.69120000,0
1503073164,18766028,0.16364,690.82379000,1
1503073164,18766027,0.16369,690.82380000,1
1503073163,18766025,0.16340,0.00001000,0
1503073162,18766021,0.16340,690.82380000,0
1503073157,18766020,0.16340,3454.11903000,0
1503073157,18766019,0.16337,168.93100000,0
1503073147,18766014,0.16337,2300.06900000,0
1503073139,18766008,0.16338,1643.84700000,0
1503073125,18765973,0.16242,2753.11574317,1
1503073125,18765972,0.16244,664.23119560,1
1503073124,18765971,0.16260,353.29250100,1
1503073124,18765970,0.16260,429.36056023,1
1503073124,18765969,0.16280,800.00000000,1
1503073120,18765965,0.16300,800.00000000,1
1503073072,18765914,0.16374,4206.71209500,1
1503073020,18765812,0.16515,1716.85622500,0
1503073016,18765806,0.16374,793.28790500,1
1503073016,18765805,0.16390,4206.71209500,1
1503073010,18765795,0.16390,793.28790500,1
1503073010,18765794,0.16391,1149.74154000,1
1503073006,18765790,0.16408,2500.00000000,1
1503073006,18765788,0.16429,1349.29522400,1
1503073003,18765785,0.16519,653.18723894,0
1503072959,18765737,0.16429,1150.70477600,1
1503072959,18765736,0.16430,5495.72398000,1
1503072959,18765734,0.16447,1098.05427000,1
1503072930,18765674,0.16445,2500.00000000,1
1503072925,18765669,0.16443,8222.99087600,1
1503072921,18765667,0.16443,4717.76430000,1
1503072918,18765665,0.16443,212.95038300,1
1503072900,18765652,0.16439,4487.83868000,1
1503072691,18765467,0.16580,2276.40854900,0
1503072691,18765466,0.16576,576.98165000,0
1503072691,18765465,0.16576,2884.90825000,0
1503072685,18765461,0.16578,712.32302000,0
1503072684,18765460,0.16578,3561.61512000,0
1503072684,18765459,0.16577,10000.00000000,0
1503072666,18765444,0.16578,857.60400000,0
1503072665,18765443,0.16578,6.59583000,0
1503072665,18765441,0.16578,4394.19417000,0
1503072662,18765438,0.16580,24654.99122600,0
1503072660,18765435,0.16580,18030.87382300,0
1503072659,18765433,0.16580,6509.91730000,0
1503072658,18765431,0.16580,8445.83734300,0
1503072657,18765428,0.16579,10000.00000000,0
1503072648,18765418,0.16679,6001.55884645,0
1503072642,18765404,0.16580,3700.00000000,1
1503072636,18765394,0.16680,5497.90039900,0
1503072636,18765392,0.16711,3360.10745161,1
1503072635,18765390,0.16710,37.00000000,0
1503072635,18765389,0.16710,40.00000000,0
1503072634,18765386,0.16700,800.00000000,0
1503072634,18765385,0.16700,264.20188070,1
1503072634,18765383,0.16699,1817.32503354,0
1503072632,18765377,0.16681,1714.26775700,0
1503072631,18765375,0.16681,2938.75115300,0
1503072627,18765371,0.16679,930.60378000,0
1503072621,18765362,0.16580,1498.77864000,0
1503072619,18765358,0.16581,297.20856000,1
1503072613,18765353,0.16600,4746.03020192,1
1503072613,18765352,0.16601,1485.98886000,1
1503072612,18765349,0.16680,71.83700000,0
1503072607,18765342,0.16601,264.50470447,1
1503072596,18765330,0.16600,3987.25192000,1
1503072596,18765329,0.16601,335.44296000,1
1503072596,18765328,0.16601,1677.30512000,1
1503072572,18765294,0.16601,4499.45349152,0
1503072571,18765292,0.16600,20528.95660000,1
1503072571,18765291,0.16601,1853.49006000,0
1503072570,18765290,0.16601,87.28389856,0
1503072559,18765285,0.16601,2191.87319000,0
1503072558,18765284,0.16601,438.25980000,0
1503072557,18765283,0.16602,474.67907000,1
1503072557,18765282,0.16602,454.96048992,1
1503072555,18765280,0.16689,230.82284400,0
1503072548,18765272,0.16602,1919.20402008,1
1503072518,18765236,0.16600,5295.40752000,1
1503072518,18765235,0.16601,368.79549000,1
1503072518,18765233,0.16601,1844.79699000,1
1503072508,18765227,0.16699,102.12077200,0
1503072508,18765226,0.16698,46.26728000,0
1503072503,18765223,0.16600,33.00000000,1
1503072501,18765220,0.16680,800.00000000,0
1503072500,18765219,0.16660,429.36056023,0
1503072498,18765216,0.16660,17.34693877,0
1503072498,18765215,0.16660,353.29250100,0
1503072497,18765213,0.16659,67.70822000,0
1503072497,18765211,0.16640,800.00000000,0
1503072497,18765209,0.16620,800.00000000,0
1503072496,18765206,0.16610,40.00000000,0
1503072495,18765205,0.16600,231.00000000,0
1503072492,18765202,0.16600,150.00000000,0
1503072488,18765198,0.16600,800.00000000,0
1503072485,18765192,0.16599,99.08519000,0
1503072481,18765183,0.16580,800.00000000,0
1503072477,18765177,0.16560,800.00000000,0
1503072473,18765174,0.16551,1000.00000000,0
1503072473,18765173,0.16550,500.00000000,0
1503072472,18765170,0.16549,42.63029000,0
1503072470,18765168,0.16525,32500.00000000,0
1503072470,18765167,0.16520,2000.00000000,0
1503072469,18765166,0.16520,800.00000000,0
1503072467,18765161,0.16510,38.00000000,0
1503072467,18765160,0.16510,40.00000000,0
1503072465,18765156,0.16500,441.81785900,0
1503072460,18765138,0.16500,3087.99549700,0
1503072460,18765135,0.16499,31837.48522829,1
1503072459,18765133,0.16500,22940.37328800,0
1503072456,18765127,0.16500,441.81785900,0
1503072454,18765123,0.16499,3271.45511000,1
1503072454,18765121,0.16500,3087.99549700,0
1503072452,18765119,0.16500,1000.00000000,0
1503072452,18765118,0.16498,62.38579000,0
1503072447,18765096,0.16500,500.00000000,0
1503072447,18765094,0.16499,1773.79663700,0
1503072445,18765083,0.16499,6000.00000000,0
1503072445,18765082,0.16499,24941.21737300,0
1503072444,18765081,0.16499,1406.71098000,0
1503072444,18765080,0.16499,93.28902000,0
1503072441,18765076,0.16250,118.38000000,0
1503072437,18765067,0.16500,2500.00000000,0
1503072437,18765066,0.16500,7840.40436236,0
1503072435,18765058,0.16500,900.00000000,0
1503072433,18765046,0.16499,233.15209600,1
1503072432,18765040,0.16499,2179.48795000,1
1503072430,18765037,0.16499,85.12460000,1
1503072429,18765034,0.16500,4778.93388200,0
1503072429,18765033,0.16500,11480.66175564,0
1503072428,18765032,0.16500,100.00000000,0
1503072428,18765031,0.16500,6651.06888436,0
1503072428,18765029,0.16500,3348.93111564,0
1503072428,18765027,0.16500,50.00000000,0
1503072427,18765026,0.16500,800.00000000,0
1503072427,18765025,0.16499,50000.00000000,0
1503072427,18765023,0.16490,6274.21361136,0
1503072427,18765022,0.16490,18725.78638864,0
1503072426,18765021,0.16489,329.75206612,0
1503072426,18765020,0.16469,194.59767924,0
1503072425,18765016,0.16469,164.82463900,0
1503072425,18765014,0.16469,73.00000000,0
1503072425,18765012,0.16460,800.00000000,0
1503072424,18765011,0.16450,100.00000000,0
1503072423,18765009,0.16246,2176.00000000,1
1503072421,18765004,0.16450,263.09658900,0
1503072414,18764992,0.16440,72.77054200,0
1503072413,18764990,0.16440,727.22945800,0
1503072413,18764989,0.16420,800.00000000,0
1503072413,18764988,0.16410,40.00000000,0
1503072412,18764981,0.16385,100.00000000,0
1503072412,18764979,0.16380,2138.00000000,0
1503072406,18764964,0.16380,782.63597493,0
1503072402,18764954,0.16380,17.36402507,0
1503072402,18764950,0.16373,758.00173793,0
1503072401,18764946,0.16299,50.33410000,1
1503072400,18764944,0.16360,800.00000000,0
1503072400,18764942,0.16350,500.00000000,0
1503072400,18764941,0.16350,197.16537537,0
1503072399,18764940,0.16340,677.67542800,0
1503072399,18764939,0.16340,122.32457200,0
1503072399,18764938,0.16320,800.00000000,0
1503072399,18764937,0.16310,39.00000000,0
1503072398,18764934,0.16310,40.00000000,0
1503072398,18764933,0.16300,1000.00000000,0
1503072397,18764929,0.16300,350.00000000,0
1503072396,18764925,0.16300,800.00000000,0
1503072396,18764923,0.16280,800.00000000,0
1503072395,18764920,0.16260,106.04519148,0
1503072395,18764916,0.16260,71.75660222,0
1503072395,18764913,0.16260,71.75660222,0
1503072394,18764911,0.16260,71.75660222,0
1503072394,18764908,0.16260,71.75660222,0
1503072394,18764906,0.16260,31.75660222,0
1503072394,18764905,0.16260,71.75660222,0
1503072394,18764902,0.16260,65.02394520,0
1503072393,18764898,0.16260,238.39125000,0
1503072393,18764893,0.16240,200.00000000,0
1503072392,18764882,0.16222,6.73204110,0
1503072391,18764878,0.16222,71.75598630,0
1503072391,18764874,0.16222,71.75598630,0
1503072390,18764871,0.16222,71.75598630,0
1503072389,18764864,0.16210,40.00000000,0
1503072388,18764859,0.16204,95.87447000,1
1503072387,18764855,0.16200,5000.00000000,0
1503072387,18764850,0.16200,180.00000000,0
1503072386,18764847,0.16200,22644.27858300,0
1503072386,18764845,0.16200,23781.73979600,0
1503072386,18764841,0.16200,10946.77320800,0
1503072385,18764835,0.16200,29719.08714644,0
1503072384,18764828,0.16200,4059.11369300,0
1503072383,18764823,0.16200,5940.88630700,0
1503072382,18764819,0.16200,38410.11244400,0
1503072382,18764817,0.16200,17408.69983300,0
1503072382,18764816,0.16200,2936.64946700,0
1503072381,18764815,0.16200,62553.90000000,0
1503072380,18764811,0.16200,5000.00000000,0
1503072380,18764809,0.16200,61116.72598600,0
1503072380,18764807,0.16200,7494.75367242,0
1503072379,18764805,0.16200,15904.77601400,0
1503072379,18764803,0.16200,25630.00000000,0
1503072379,18764801,0.16200,3765.96699900,0
1503072379,18764799,0.16200,6413.96007500,0
1503072378,18764797,0.16200,29074.62580900,0
1503072378,18764792,0.16200,19919.45574500,0
1503072377,18764790,0.16200,10941.35643770,0
1503072377,18764788,0.16200,800.00000000,0
1503072377,18764785,0.16200,588.29272912,0
1503072376,18764781,0.16200,64127.96260418,0
1503072375,18764779,0.16200,13020.69554400,0
1503072375,18764778,0.16200,32930.28381900,0
1503072375,18764775,0.16200,5000.00000000,0
1503072372,18764767,0.16199,148.82405000,1
1503072372,18764766,0.16200,8192.21743600,0
1503072372,18764764,0.16200,7489.34351700,0
1503072371,18764761,0.16200,3328.18724423,0
1503072371,18764760,0.16200,77002.53240600,0
1503072371,18764759,0.16200,11568.54421300,0
1503072371,18764758,0.16200,10000.00000000,0
1503072370,18764757,0.16200,21505.35657800,0
1503072370,18764752,0.16200,5000.00000000,0
1503072368,18764749,0.16200,25084.97107500,0
1503072368,18764748,0.16200,5000.00000000,0
1503072368,18764746,0.16200,5000.00000000,0
1503072367,18764742,0.16200,5000.00000000,0
1503072367,18764741,0.16200,11553.07909500,0
1503072366,18764740,0.16200,3328.18724423,0
1503072366,18764738,0.16200,89628.10725300,0
1503072366,18764737,0.16200,6971.00000000,0
1503072365,18764735,0.16200,5570.00000000,0
1503072364,18764728,0.16200,9483.90739800,0
1503072363,18764725,0.16200,18743.36077000,0
1503072363,18764724,0.16200,77777.00000000,0
1503072362,18764721,0.16200,13180.93570500,0
1503072360,18764717,0.16200,954.96886000,0
1503072360,18764713,0.16199,301.67037000,0
1503072357,18764705,0.16200,3328.21543500,0
1503072349,18764688,0.16119,99.95882000,0
1503072348,18764684,0.16200,7838.12991800,0
1503072348,18764681,0.16199,50.00000000,0
1503072348,18764678,0.16199,100.00000000,0
1503072348,18764677,0.16199,5000.00000000,0
1503072347,18764675,0.16188,1000.00000000,0
1503072347,18764674,0.16188,100.00000000,0
1503072347,18764672,0.16180,800.00000000,0
1503072347,18764668,0.16179,499.79409000,0
1503072346,18764665,0.16160,800.00000000,0
1503072344,18764654,0.16140,800.00000000,0
1503072344,18764653,0.16120,798.80000000,0
1503072341,18764623,0.16120,1.20000000,0
1503072339,18764613,0.16110,40.00000000,0
1503072338,18764610,0.16100,11.23671000,0
1503072337,18764607,0.16100,205.22579000,0
1503072337,18764604,0.16099,1162.31184000,0
1503072337,18764602,0.16087,232.46237000,0
1503072327,18764577,0.16100,423.52093563,0
1503072326,18764574,0.16100,160.01656437,0
1503072326,18764570,0.16100,1649.38599263,0
1503072326,18764566,0.16088,540.61016000,0
1503072325,18764564,0.16088,1418.43260000,0
1503072323,18764563,0.16088,642.30910000,0
1503072322,18764561,0.16088,642.30910000,0
1503072279,18764528,0.16000,646.10424099,1
1503072279,18764527,0.16001,11003.36500000,1
1503072279,18764526,0.16022,83.10740000,1
1503072276,18764524,0.16000,83.10744242,0
1503072268,18764519,0.16000,83.10521901,1
1503072268,18764518,0.16002,684.31814000,1
1503072268,18764517,0.16002,2500.00000000,1
1503072177,18764459,0.16100,2557.76698503,0
1503072176,18764458,0.16080,583.53750031,0
1503072176,18764457,0.16080,216.46249969,0
1503072176,18764454,0.16078,1959.30213000,1
1503072175,18764451,0.16060,391.86043000,1
1503072175,18764445,0.16060,324.72063442,0
1503072163,18764324,0.15998,92.14071902,1
1503072162,18764321,0.15999,696.98853455,1
1503072149,18764289,0.16003,1470.56000000,1
1503072129,18764271,0.16000,54.05118827,1
1503072128,18764268,0.16044,0.00001173,1
1503072097,18764212,0.16000,83.54989927,0
1503072097,18764210,0.15999,3727.14508900,0
1503072096,18764204,0.15998,116.02892000,1
1503072095,18764202,0.15998,580.14462000,1
1503072090,18764191,0.15999,5791.16176100,0
1503072090,18764190,0.15998,8748.98583800,0
1503072083,18764184,0.15997,716.22792000,0
1503072083,18764183,0.15980,200.00000000,0
1503072082,18764182,0.15947,143.24558000,0
1503072077,18764171,0.15948,147.93004000,0
1503072054,18764146,0.15950,1425.83299691,0
1503072045,18764121,0.15950,2782.72104500,0
1503072045,18764119,0.15934,2000.00000000,0
1503072043,18764117,0.15848,1187.23616720,0
1503072043,18764116,0.15847,238.59683000,0
1503072042,18764115,0.15885,5.74799280,1
1503072041,18764114,0.15900,5000.00000000,0
1503072041,18764113,0.15900,5000.00000000,0
1503072039,18764106,0.15850,3830.75200720,0
1503072033,18764101,0.15849,1839.29035000,0
1503072032,18764100,0.15849,3127.06387000,0
1503072032,18764099,0.15848,306.54839000,0
1503072032,18764098,0.15848,1532.74196000,0
1503072003,18764068,0.15741,271.99992620,0
1503072000,18764064,0.15782,5.04872949,0
1503072000,18764063,0.15782,2904.97198000,0
1503071955,18764039,0.15789,1167.24148500,0
1503071837,18763957,0.15688,33.00000000,1
1503071767,18763914,0.15750,4894.19918753,0
1503071761,18763909,0.15754,2084.99428717,0
1503071760,18763906,0.15753,4897.62509226,0
1503071755,18763872,0.15753,2917.99594096,0
1503071005,18763412,0.15794,150.28486421,0
1503070913,18763381,0.15850,5897.15199798,0
1503070913,18763379,0.15765,1132.49338000,0
1503070913,18763378,0.15765,5662.46690000,0
1503070911,18763376,0.15728,272.00000000,0
1503070732,18763167,0.15685,2338.30916000,1
1503070732,18763166,0.15686,645.00000000,1
1503070731,18763164,0.15687,355.00000000,1
1503070731,18763163,0.15688,356.00000000,1
1503070729,18763162,0.15689,6305.69084000,1
1503070506,18763009,0.15694,3.75000000,1
1503070506,18763008,0.15695,2500.00000000,1
1503070428,18762938,0.15689,1.03150000,1
1503070428,18762937,0.15692,687.65850000,1
1503070420,18762934,0.15692,780.85800000,1
1503070415,18762930,0.15691,780.85800000,1
1503070396,18762872,0.15691,5750.10000000,1
1503070394,18762871,0.15691,33.00000000,1
1503070366,18762849,0.15702,2137.26000000,1
1503070364,18762847,0.15700,10.29259000,1
1503070364,18762846,0.15701,6862.94741000,1
1503070312,18762819,0.15693,6775.80000000,1
1503070230,18762759,0.15685,67.41000000,1
1503070229,18762758,0.15686,256.00000000,1
1503070229,18762757,0.15687,124.00000000,1
1503070118,18762692,0.15685,166.70900000,1
1503070118,18762691,0.15685,254.38200000,1
1503070108,18762686,0.15685,0.61800000,1
1503070108,18762685,0.15686,412.00000000,1
1503070061,18762598,0.15684,33.00000000,1
1503069967,18762545,0.15713,2060.49000000,1
1503069935,18762531,0.15713,3263.86000000,1
1503069902,18762507,0.15712,33.00000000,1
1503069878,18762503,0.15735,102.00000000,0
1503069864,18762500,0.15729,102.00000000,0
1503069853,18762499,0.15735,102.00000000,1
1503069825,18762412,0.15743,2981.94732600,1
1503069776,18762294,0.15738,1000.00000000,1
1503069776,18762293,0.15739,8602.91868000,1
1503069775,18762291,0.15739,1000.00000000,1
1503069719,18762085,0.15738,33.00000000,1
1503069651,18761981,0.15807,659.69861618,0
1503069649,18761976,0.15776,272.00000000,0
1503069581,18761934,0.15731,32.99999762,1
1503069579,18761933,0.15757,0.00000238,1
1503069576,18761926,0.15822,1262.54582227,0
1503069555,18761904,0.15827,3175.49789947,1
1503069554,18761902,0.15827,3051.45604000,0
1503069459,18761839,0.15808,2881.19939271,0
1503069232,18761655,0.15772,771.22166323,1
1503069231,18761650,0.15772,1055.73909000,0
1503069223,18761646,0.15772,3111.65356328,0
1503069124,18761556,0.15757,271.99999762,1
1503069123,18761554,0.15757,272.00000000,1
1503069123,18761553,0.15770,12315.83428238,1
1503069101,18761531,0.15770,6548.77345800,1
1503069072,18761485,0.15770,1779.51284300,1
1503068833,18761223,0.15769,10000.00000000,1
1503068805,18761186,0.15770,3181.85897500,1
1503068739,18761151,0.15777,1147.28496500,1
1503068647,18761062,0.15773,3601.15775000,1
1503068622,18761032,0.15771,3537.02406600,1
1503068598,18761010,0.15771,3098.69000000,1
1503068557,18760941,0.15770,1370.74096700,1
1503068516,18760920,0.15759,1.00700000,1
1503068516,18760919,0.15769,671.42100000,1
1503068516,18760918,0.15769,728.57900000,1
1503068504,18760911,0.15841,276.42020000,0
1503068492,18760904,0.15775,1382.10098000,1
1503068490,18760902,0.15770,6417.12186000,0
1503068488,18760899,0.15770,8582.88607000,0
1503068488,18760898,0.15769,1417.11393000,0
1503068453,18760865,0.15771,2512.99755000,0
1503068450,18760857,0.15737,272.00000000,0
1503068437,18760849,0.15701,725.00000000,1
1503068408,18760807,0.15701,844.45500000,1
1503068092,18760588,0.15810,731.51720113,1
1503068090,18760586,0.15763,0.48979666,0
1503067899,18760251,0.15751,671.27400000,1
1503067834,18760211,0.15786,326.26520334,1
1503067771,18760168,0.15786,1998.00000000,0
1503067753,18760158,0.15787,1998.00000000,0
1503067729,18760144,0.15793,19434.10547000,1
1503067726,18760138,0.15793,704.60977000,1
1503067726,18760134,0.15793,3523.04884000,1
1503067723,18760119,0.15850,12081.90720115,0
1503067723,18760117,0.15793,18127.54715300,0
1503067723,18760116,0.15787,1136.46737000,0
1503067722,18760115,0.15787,3782.03912669,0
1503067720,18760109,0.15787,1900.29771331,0
1503067315,18759767,0.15851,17193.97455760,0
1503067314,18759766,0.15850,18068.21648000,0
1503067256,18759687,0.15684,82.38890000,1
1503067252,18759677,0.15908,721.08373146,0
1503067222,18759605,0.15684,399.00000000,0
1503067085,18759456,0.15660,324.72063442,1
1503067083,18759451,0.15680,34.73437500,1
1503067083,18759450,0.15680,583.53750031,1
1503066948,18759202,0.15680,216.46249969,1
1503066948,18759201,0.15700,583.53750031,1
1503066941,18759198,0.15700,60756.79785000,1
1503066941,18759197,0.15700,216.46250000,1
1503066924,18759138,0.15700,583.53750000,1
1503066876,18759058,0.15703,10000.00000000,1
1503066876,18759057,0.15704,14492.24683000,1
1503066876,18759056,0.15705,200.00000000,1
1503066876,18759055,0.15710,38.80200000,1
1503066864,18759043,0.15844,47.14718505,0
1503066824,18758979,0.15864,1567.32223903,0
1503066756,18758874,0.15710,1.19800000,1
1503066756,18758873,0.15720,798.80000000,1
1503066729,18758830,0.15720,1.20000000,1
1503066729,18758828,0.15740,800.00000000,1
1503066724,18758821,0.15885,62.82656594,0
1503066699,18758760,0.15741,252.54994675,1
1503066683,18758696,0.15894,1000.00000000,0
1503066612,18758553,0.15741,6.40000000,1
1503066612,18758551,0.15750,4269.03000000,1
1503066443,18758298,0.15811,1195.05407628,0
1503066429,18758290,0.15750,2072.97000000,1
1503066357,18758186,0.15751,1.20000000,1
1503066357,18758185,0.15760,800.00000000,1
1503066309,18758102,0.15780,800.00000000,1
1503066266,18758037,0.15843,11780.71171430,1
1503066265,18758030,0.15843,8784.71150100,0
1503066144,18757787,0.15800,800.00000000,1
1503066139,18757743,0.15805,100.00000000,1
1503066138,18757741,0.15805,100.00000000,1
1503066138,18757737,0.15805,50.00000000,1
1503066128,18757676,0.15810,5951.84272056,1
1503066128,18757675,0.15811,545.93847900,1
1503066127,18757674,0.15811,5951.84272100,1
1503066092,18757616,0.15811,5643.62101671,1
1503066092,18757613,0.15845,50.00000000,1
1503066092,18757612,0.15847,527.83168929,1
1503066044,18757510,0.15850,2454.57355900,1
1503066021,18757377,0.15867,269.31169200,1
1503066011,18757332,0.15899,399.00000000,0
1503066009,18757320,0.15865,2169.12565000,1
1503066000,18757279,0.15865,1149.33434200,1
1503065987,18757220,0.15932,2927.26770000,1
1503065682,18756773,0.15926,1227.20332800,0
1503065682,18756772,0.15926,1953.90275036,0
1503065682,18756771,0.15859,0.00000264,0
1503065509,18756606,0.15859,278.56737000,0
1503065498,18756590,0.15859,942.00000000,1
1503065492,18756582,0.15899,1047.77513610,1
1503065492,18756580,0.15900,94.00000000,1
1503065448,18756552,0.15904,441.26683100,1
1503065302,18756454,0.15934,169.36852014,0
1503065300,18756446,0.15918,399.00000000,0
1503064567,18755859,0.15928,359.47000000,1
1503064464,18755834,0.15985,2851.79856115,0
1503064388,18755747,0.15899,0.00000390,0
1503064375,18755701,0.15899,4986.70185000,0
1503064230,18755619,0.15931,5321.63705982,0
1503063988,18755504,0.15903,9445.85084000,1
1503063777,18755298,0.15961,3062.33945242,0
1503063741,18755249,0.15880,1351.33026000,0
1503063729,18755238,0.15880,919.63200000,0
1503063728,18755236,0.15880,1771.69628000,0
1503063727,18755231,0.15880,1089.97000000,0
1503063675,18755164,0.15880,1291.61684000,0
1503063662,18755154,0.15880,1240.42848000,0
1503063649,18755143,0.15880,1191.26879000,0
1503063636,18755134,0.15880,1144.05735000,0
1503063609,18755111,0.15857,281.00000000,0
1503063591,18755100,0.15867,1735.06735869,0
1503063403,18754935,0.15876,478.36493040,0
1503063399,18754924,0.15847,925.03210700,1
1503063396,18754923,0.15876,2455.03210740,1
1503063394,18754921,0.15877,853.93966114,0
1503063384,18754913,0.15875,2456.75068000,0
1503063382,18754906,0.15876,2455.03210700,1
1503063372,18754893,0.15876,5705.86389000,0
1503063345,18754844,0.15899,5587.95190100,1
1503063338,18754829,0.15991,10102.62031730,0
1503063338,18754828,0.15898,5409.85895000,0
1503063337,18754827,0.15897,10684.22098000,0
1503063320,18754821,0.15897,6839.52947097,0
1503063306,18754806,0.15899,1106.43084000,0
1503063292,18754799,0.15873,931.00000000,0
1503063290,18754795,0.15847,982.38095200,1
1503063236,18754747,0.15847,359.41900000,1
1503063233,18754735,0.15847,0.56356319,1
1503063233,18754733,0.15881,375.99443681,1
1503063195,18754647,0.15882,3710.51512000,1
1503063177,18754634,0.15882,4051.37830300,1
1503063110,18754589,0.15881,789.14318139,1
1503063095,18754581,0.15881,1864.55750000,0
1503063087,18754567,0.15881,539.57500000,0
1503063057,18754548,0.15878,2413.55777100,1
1503063053,18754527,0.15878,829.95998820,1
1503063052,18754526,0.15879,15.65692380,1
1503063052,18754524,0.15879,903.65556100,1
1503063051,18754519,0.15879,1387.50121200,1
1503063051,18754518,0.15879,95.68067600,1
1503063046,18754499,0.15879,1.63812720,0
1503063046,18754498,0.15879,1501.86776651,0
1503063045,18754494,0.15879,900.62660629,0
1503063040,18754473,0.15878,2869.11994949,0
1503063040,18754470,0.15876,2301.72164951,0
1503063039,18754467,0.15877,2835.36365049,1
1503063034,18754455,0.15864,0.00008321,0
1503063032,18754445,0.15864,2037.43084032,0
1503063031,18754430,0.15864,366.70156377,0
1503063026,18754418,0.15901,0.00001270,1
1503063025,18754416,0.15901,787.35278543,1
1503063006,18754338,0.15904,8383.22028543,1
1503063006,18754336,0.15904,10000.00000000,1
1503063006,18754335,0.15904,9002.06760357,1
1503063005,18754334,0.15905,3829.83251000,1
1503062757,18754039,0.15905,3047.12062666,1
1503062757,18754038,0.15905,50.00000000,1
1503062757,18754036,0.15909,1937.03329034,1
1503062724,18753965,0.15997,623.55441645,0
1503062499,18753640,0.15944,231.00000000,0
1503062492,18753639,0.15945,50.00000000,1
1503062395,18753528,0.15994,570.33887708,0
1503062354,18753512,0.15981,83.54920000,0
1503062354,18753511,0.15981,83.54920000,0
1503062354,18753509,0.15981,83.54920000,0
1503062354,18753508,0.15981,0.00000842,0
1503062348,18753497,0.16000,83.54919158,1
1503062235,18753406,0.16013,1335.68396000,0
1503062027,18753179,0.15997,83.48140000,0
1503062026,18753178,0.15997,83.48140000,0
1503062026,18753177,0.15997,83.48140000,0
1503062026,18753176,0.15997,83.48140000,0
1503062026,18753175,0.15997,83.48140000,0
1503062026,18753174,0.15997,83.48140000,0
1503061987,18753125,0.15967,5640.57621600,0
1503061984,18753119,0.15971,0.00000400,1
1503061980,18753109,0.15971,6501.67471000,0
1503061980,18753108,0.15968,6750.82667600,0
1503061958,18753084,0.15974,6832.54846000,0
1503061945,18753072,0.15979,5905.77380000,0
1503061932,18753048,0.15983,4923.11919000,0
1503061910,18753018,0.15908,1938.38921825,1
1503061909,18753016,0.15909,18590.56740000,1
1503061494,18752584,0.16027,1867.16166469,0
1503061272,18752463,0.16065,9588.02547000,0
1503061266,18752458,0.16200,4719.73345679,0
1503061266,18752456,0.16199,6876.03910900,0
1503061265,18752455,0.16191,1346.30326807,0
1503061265,18752454,0.16191,3915.68567524,1
1503061264,18752453,0.16188,34.00000000,0
1503061264,18752452,0.16160,140.00000000,0
1503061264,18752451,0.16120,1500.00000000,0
1503061264,18752450,0.16120,717.99628942,0
1503061263,18752449,0.16100,17400.00000000,0
1503061263,18752448,0.16098,1669.00000000,0
1503061263,18752447,0.16066,65198.13900000,0
1503061262,18752446,0.16066,13850.26242000,1
1503061262,18752445,0.16066,6925.13121000,1
1503061261,18752442,0.16050,2500.00000000,0
1503061261,18752441,0.16021,6133.76700000,0
1503061260,18752440,0.16015,3926.26019000,1
1503061260,18752439,0.16013,4134.64348000,1
1503061259,18752438,0.16000,83.69073039,0
1503061259,18752437,0.15997,785.25204000,1
1503061258,18752436,0.15955,281.00000000,0
1503061197,18752397,0.15901,4067.84932643,0
1503061196,18752395,0.15901,786.54720357,0
1503061041,18752306,0.15861,2752.86989440,1
1503061040,18752305,0.15862,3316.59214500,1
1503060943,18752241,0.15900,457.81291000,0
1503060916,18752227,0.15900,2891.44991000,0
1503060863,18752203,0.15899,80.22124500,0
1503060836,18752186,0.15891,84.73767000,1
1503060745,18752111,0.15892,535.18526000,0
1503060538,18751910,0.15867,748.23001928,0
1503060393,18751829,0.15853,2710.30589000,0
1503060390,18751825,0.15853,278.77398000,0
1503060327,18751800,0.15857,3786.05934900,0
1503060263,18751704,0.15859,229.49234000,1
1503060208,18751634,0.15862,778.59188811,0
1503060206,18751628,0.15862,5531.01241689,1
1503060177,18751557,0.15866,748.23002000,0
1503060167,18751549,0.15863,4670.59527165,0
1503060164,18751545,0.15863,864.28899458,0
1503060164,18751543,0.15862,5662.32216705,0
1503060164,18751542,0.15862,748.22995595,0
1503060163,18751540,0.15863,996.29555569,0
1503060163,18751539,0.15862,5534.88418000,0
1503060159,18751536,0.15864,0.00007808,1
1503060159,18751534,0.15864,6531.17986096,1
1503060159,18751532,0.15864,0.00003904,1
1503060159,18751531,0.15864,6531.17990000,1
1503060158,18751530,0.15867,3573.09358072,0
1503060158,18751527,0.15867,894.96112401,0
1503060155,18751521,0.15867,2477.91436177,0
1503060155,18751520,0.15866,1989.55642665,0
1503060151,18751510,0.15866,4466.76347135,0
1503060150,18751505,0.15867,449.13096364,0
1503060149,18751499,0.15867,499.31715058,0
1503060149,18751498,0.15867,3966.76421325,0
1503060148,18751496,0.15867,354.55938675,0
1503060148,18751494,0.15867,4321.32360000,0
1503060148,18751493,0.15867,4321.32360000,0
1503060148,18751492,0.15865,0.00016803,0
1503060147,18751490,0.15865,4321.32343197,0
1503060147,18751489,0.15865,4321.32360000,0
1503060147,18751484,0.15865,2336.45050626,0
1503060147,18751472,0.15864,0.00011230,0
1503060146,18751464,0.15864,6535.75168870,0
1503060142,18751462,0.15865,1984.87309374,0
1503060141,18751461,0.15865,4321.32360000,0
1503060141,18751459,0.15865,134.89275626,0
1503060139,18751455,0.15868,4321.32361355,1
1503060139,18751454,0.15869,4.62343019,1
1503060138,18751453,0.15869,4460.83980000,1
1503060136,18751450,0.15868,2115.26020303,1
1503060136,18751447,0.15868,4460.83981697,1
1503060130,18751437,0.15868,1975.74399961,0
1503060127,18751432,0.15868,4465.34545339,0
1503060123,18751427,0.15869,6441.08436124,0
1503060116,18751418,0.15869,6441.10212923,0
1503060084,18751408,0.15877,6910.66983000,0
1503060072,18751389,0.15877,5760.81177000,0
1503060071,18751386,0.15879,1912.07551800,0
1503060071,18751384,0.15879,343.87972000,0
1503060058,18751361,0.15880,4248.78612000,0
1503060053,18751338,0.15877,223.06305500,1
1503060045,18751322,0.15880,2292.97469000,0
1503060019,18751307,0.15882,1181.78061000,0
1503060018,18751306,0.15880,214.00000000,0
1503060001,18751280,0.15847,57.18907000,1
1503059992,18751273,0.15877,176.00000000,0
1503059979,18751249,0.15891,7031.28545000,0
1503059966,18751196,0.15847,3147.58361852,1
1503059966,18751195,0.15850,4.52882170,1
1503059966,18751194,0.15894,1494.76735000,0
1503059964,18751193,0.15850,995.47117830,1
1503059962,18751191,0.15895,129.48653000,1
1503059953,18751162,0.15897,5591.10065000,0
1503059928,18751130,0.15901,114.82754900,0
1503059703,18751011,0.15900,1866.13135000,1
1503059688,18751005,0.15900,4801.96938000,0
1503059625,18750973,0.15901,600.00000000,0
1503059570,18750950,0.15901,1247.80430000,0
1503059570,18750949,0.15901,127.36687000,0
1503059557,18750942,0.15901,1120.43743000,0
1503059544,18750934,0.15898,1000.00000000,0
1503059517,18750925,0.15897,349.60694000,0
1503059499,18750913,0.15897,1882.61936214,0
1503059418,18750815,0.15882,736.03420000,0
1503059390,18750769,0.15884,1672.76407500,0
1503059200,18750672,0.15898,1397.89807000,0
1503059174,18750667,0.15900,2495.60860000,0
1503059161,18750662,0.15894,1130.32648000,0
1503059159,18750658,0.15894,5467.20056000,0
1503059104,18750627,0.15893,142.71940600,0
1503059081,18750623,0.15896,3572.98604000,0
1503059057,18750613,0.15898,894.32720000,0
1503058974,18750562,0.15929,179.72573000,1
1503058973,18750561,0.15929,534.03927000,1
1503058973,18750560,0.15929,0.00003000,1
1503058973,18750559,0.15929,534.03930000,1
1503058969,18750557,0.15900,319.69067000,0
1503058968,18750556,0.15899,2704.42000000,0
1503058963,18750554,0.15900,3413.56000000,0
1503058954,18750543,0.15901,496.37500000,0
1503058949,18750535,0.15903,1314.83837000,0
1503058949,18750534,0.15902,4075.80163000,0
1503058936,18750527,0.15879,156.81092020,0
1503058667,18750419,0.15899,5278.27041000,0
1503058019,18750023,0.15976,5000.00000000,0
1503057918,18749969,0.15950,364.30941000,0
1503057825,18749931,0.15887,2671.45918000,0
1503057825,18749930,0.15886,2009.17337000,0
1503057825,18749929,0.15870,224.03741283,0
1503057732,18749875,0.15870,7268.16500000,0
1503057696,18749864,0.15870,407.97707000,0
1503057683,18749852,0.15870,31.44297417,0
1503057683,18749851,0.15870,391.80844000,0
1503057669,18749841,0.15870,376.28059000,0
1503057656,18749828,0.15870,361.36813000,0
1503057643,18749823,0.15870,347.04667000,0
1503057629,18749819,0.15870,322.98867000,0
1503057627,18749817,0.15870,268.88504300,0
1503057623,18749815,0.15870,8668.70222958,0
1503057617,18749810,0.15870,96.18823000,0
1503057616,18749809,0.15841,214.00000000,0
1503057604,18749799,0.15870,342.29614000,0
1503057600,18749794,0.15832,292.00000000,1
1503057590,18749791,0.15870,272.75716000,0
1503057577,18749787,0.15870,324.06792000,0
1503057564,18749782,0.15870,295.98832042,0
1503057564,18749781,0.15870,44.29986958,0
1503057551,18749772,0.15870,566.94697000,0
1503057030,18749499,0.15855,617.10200000,0
1503056811,18749408,0.15870,9388.75316042,0
1503056811,18749407,0.15870,8145.09120000,0
1503056811,18749406,0.15869,1264.72499000,1
1503056810,18749405,0.15847,6323.62493000,1
1503056809,18749404,0.15847,6323.62493000,0
1503056534,18749284,0.15843,692.14662000,0
1503056522,18749273,0.15844,2949.93504546,0
1503056516,18749263,0.15845,2949.93504546,0
1503056514,18749250,0.15845,2951.99992645,0
1503056509,18749245,0.15846,428.26858044,0
1503056507,18749242,0.15846,6708.68573000,0
1503056502,18749235,0.15848,6703.99292644,0
1503056497,18749205,0.15850,13303.24138018,0
1503056496,18749203,0.15850,428.24345589,0
1503056494,18749191,0.15850,1606.61635022,0
1503056491,18749177,0.15852,2858.58645051,0
1503056486,18749150,0.15853,1027.38478573,0
1503056484,18749140,0.15853,2858.04771007,0
1503056479,18749117,0.15855,1027.38477263,0
1503056424,18748844,0.15880,1854.90880000,1
1503056423,18748841,0.15880,10000.00000000,1
1503056402,18748714,0.15887,7328.54082000,0
1503056401,18748712,0.15887,5670.64167000,0
1503056400,18748702,0.15880,2000.09120000,1
1503056399,18748696,0.15892,4329.35833000,1
1503056398,18748686,0.15902,1141.00340989,1
1503056398,18748678,0.15902,11854.90880011,1
1503056397,18748675,0.15903,2000.09119989,1
1503056322,18748602,0.15943,717.05580000,1
1503056015,18748508,0.15902,18603.26167000,1
1503055424,18748074,0.15933,1902.79508017,1
1503055423,18748072,0.15933,6355.22287000,0
1503055385,18748052,0.15944,5605.54780000,0
1503055380,18748049,0.15932,292.00000000,1
1503055371,18748047,0.15944,1376.94574000,1
1503055204,18747937,0.15916,291.99992674,0
1503055037,18747849,0.16000,83.65011244,1
1503055037,18747848,0.16000,2232.64537000,1
1503054989,18747772,0.16019,31.15050877,0
1503054883,18747641,0.16001,13000.81245000,1
1503054875,18747635,0.16001,1654.57534800,1
1503054812,18747608,0.16033,598.17300000,0
1503054799,18747591,0.16036,400.00000000,0
1503054693,18747478,0.16055,1091.00000000,1
1503054337,18747205,0.16006,2000.00242000,1
1503054289,18747128,0.16064,590.02171650,0
1503054289,18747127,0.16063,2467.13423000,1
1503054287,18747126,0.16006,1.08172000,0
1503054275,18747105,0.16003,91.77370205,1
1503054257,18747100,0.16001,1889.49000000,1
1503054256,18747099,0.16000,386.66000000,1
1503054255,18747098,0.16001,2233.22000000,1
1503054247,18747095,0.15991,11566.18486818,1
1503054245,18747094,0.16000,82.81513182,1
1503054215,18747073,0.16061,721.28628000,1
1503054213,18747072,0.16061,278.71372000,0
1503054176,18747051,0.16063,267.56048060,0
1503054174,18747050,0.16028,292.00000000,0
1503053771,18746793,0.15970,357.67077653,0
1503053771,18746792,0.15970,892.81456000,0
1503053766,18746788,0.15969,2149.77217888,0
1503053765,18746787,0.15969,2151.27704000,0
1503053765,18746785,0.15969,1231.41731889,0
1503053668,18746712,0.15944,725.72766000,0
1503053643,18746695,0.15981,7256.05669600,0
1503053642,18746694,0.15945,3308.31200000,1
1503053642,18746693,0.15945,6062.64512400,0
1503053640,18746691,0.15944,3372.98618000,0
1503053613,18746672,0.15949,1200.82763810,0
1503053453,18746418,0.15926,167.55715800,1
1503053366,18746342,0.15968,143.27496000,0
1503053355,18746335,0.15969,937.00294320,0
1503053165,18746191,0.15988,200.00000000,0
1503053159,18746181,0.15986,1247.96697110,0
1503053131,18746169,0.15996,5000.00000000,0
1503053108,18746098,0.15983,0.00003864,0
1503053105,18746079,0.15985,91.80606136,1
1503053048,18746033,0.15985,392.01780864,1
1503053047,18746032,0.16000,91.80606136,1
1503053033,18746010,0.16043,2034.18263417,1
1503053033,18746009,0.16000,160.92430738,0
1503053033,18746008,0.16000,91.50684504,0
1503053032,18746007,0.15998,91.50240000,0
1503053032,18746006,0.15998,91.50237749,0
1503052955,18745938,0.15986,5000.00000000,0
1503052891,18745911,0.16000,0.00002251,1
1503052891,18745910,0.16000,91.50240000,1
1503052876,18745889,0.16071,582.13069625,0
1503052876,18745888,0.16071,0.00004375,0
1503052872,18745883,0.16023,10371.29853900,1
1503052869,18745882,0.16072,582.13065625,1
1503052860,18745843,0.16099,2006.70842909,0
1503052824,18745816,0.16087,582.00000000,0
1503052796,18745795,0.16103,2703.51953052,0
1503052794,18745794,0.16092,4125.66646000,0
1503052653,18745669,0.16095,345.71982000,0
1503052531,18745568,0.16051,3241.00000000,1
1503052515,18745548,0.16049,1000.00000000,1
1503052509,18745542,0.16048,4000.00000000,1
1503052491,18745536,0.16044,6371.20528500,1
1503052491,18745535,0.16045,3628.79471500,1
1503052374,18745481,0.16102,268.72400945,1
1503052365,18745470,0.16103,2793.71401000,0
1503052363,18745461,0.16102,1127.31249000,0
1503052279,18745388,0.16006,1364.47967000,0
1503052277,18745381,0.16006,3867.73000000,0
1503052276,18745375,0.16006,475.79900000,0
1503052271,18745373,0.16006,364.06378000,0
1503052257,18745360,0.16006,349.63549000,0
1503052196,18745248,0.16006,106.00000000,0
1503052196,18745247,0.16004,1742.46177000,0
1503052195,18745246,0.16004,106.00000000,0
1503052187,18745243,0.16006,3472.29206000,0
1503052186,18745241,0.16005,538.37732000,0
1503052186,18745239,0.16005,2691.88660000,0
1503052168,18745221,0.16005,1588.08417500,0
1503052154,18745203,0.16006,1554.95832400,0
1503052153,18745202,0.16005,500.00000000,0
1503052153,18745201,0.16000,92.38692902,0
1503052153,18745200,0.16000,10.18580352,0
1503052153,18745199,0.15989,726.74895000,0
1503052153,18745198,0.15989,3633.74477000,0
1503052012,18745060,0.15999,586.98300000,0
1503051617,18744783,0.16006,8445.04167600,0
1503051617,18744782,0.16006,10000.00000000,0
1503051617,18744781,0.16006,10000.00000000,0
1503051617,18744780,0.16005,7312.37864900,0
1503051610,18744779,0.16001,7311.46257800,0
1503051610,18744778,0.16000,403.25707000,0
1503051609,18744777,0.16000,2016.28534000,0
1503051606,18744774,0.16002,345.72900000,0
1503051605,18744772,0.16002,2460.62467000,0
1503051605,18744771,0.15958,479.47825408,0
1503051602,18744768,0.15958,102.52174592,0
1503051503,18744600,0.16006,10000.00000000,0
1503051503,18744599,0.16006,10000.00000000,0
1503051503,18744598,0.16006,4681.93657675,0
1503051502,18744597,0.16006,5318.06342325,0
1503051502,18744596,0.16006,7373.25879744,0
1503051502,18744595,0.16000,102.53326731,0
1503051501,18744593,0.15987,1308.08046000,0
1503051496,18744584,0.15987,6540.40231000,0
1503051492,18744582,0.15986,18634.20464000,0
1503051429,18744552,0.15830,3101.17999260,0
1503051429,18744551,0.15830,100.00000000,1
1503051428,18744550,0.15900,520.53000000,1
1503051428,18744549,0.15900,102.53456033,0
1503051428,18744547,0.15940,799.44039172,1
1503051427,18744545,0.15958,2908.26606862,1
1503051427,18744544,0.15993,7468.04898673,1
1503051424,18744539,0.16000,799.00000000,1
1503051424,18744538,0.16000,570.00000000,1
1503051424,18744536,0.16000,891.14294993,1
1503051365,18744492,0.16008,1346.08346807,1
1503051365,18744491,0.16010,1000.00000000,1
1503051365,18744490,0.16010,280.65773449,1
1503051364,18744487,0.16010,9719.34226551,1
1503051364,18744486,0.16048,280.65773449,1
1503051274,18744411,0.16120,637.65206520,1
1503051274,18744409,0.16120,4703.40782582,1
1503051273,18744405,0.16121,320.14397369,1
1503051230,18744373,0.16120,293.09462246,1
1503051069,18744267,0.16159,5509.76470000,0
1503050777,18744036,0.16120,0.00007225,0
1503050777,18744035,0.16120,4999.99992775,0
1503050711,18743978,0.16104,598.54713600,1
1503050711,18743977,0.16106,1799.60442000,1
1503050710,18743976,0.16107,2601.84844400,1
1503050413,18743816,0.16135,582.00000000,0
1503050400,18743808,0.16152,1153.74364000,1
1503050348,18743773,0.16200,39142.02705200,0
1503050348,18743772,0.16199,7391.23975800,0
1503050348,18743771,0.16199,466.73319000,0
1503050328,18743756,0.16199,554.53448000,1
1503050315,18743754,0.16199,811.51387000,1
1503050314,18743753,0.16199,811.51387000,0
1503050241,18743724,0.16127,6335.86000000,1
1503050018,18743458,0.16151,1089.33840016,1
1503050016,18743455,0.16151,2000.00000000,1
1503049930,18743430,0.16157,2455.51619000,0
1503049578,18743168,0.16072,511.80600000,0
1503049305,18742816,0.16054,10000.65988700,1
1503049265,18742751,0.16120,6866.47000000,0
1503049252,18742743,0.16062,1077.25635056,1
1503049200,18742708,0.16062,952.51729000,1
1503049160,18742645,0.16133,4039.85612023,0
1503049140,18742634,0.16136,1607.61000000,0
1503049128,18742622,0.16106,3099.07024200,1
1503049127,18742620,0.16100,20378.36141000,1
1503049127,18742619,0.16105,12690.96529000,1
1503049026,18742506,0.16104,536.19302949,1
1503048944,18742456,0.16081,498.15600000,1
1503048893,18742449,0.16165,6.52861000,1
1503048892,18742448,0.16132,4353.25139000,0
1503048813,18742414,0.16143,1488.32000000,0
1503048813,18742412,0.16143,1471.00000000,0
1503048635,18742300,0.16165,118.00000000,0
1503048542,18742198,0.16183,570.68749100,0
1503048542,18742197,0.16182,14952.87500600,0
1503048542,18742196,0.16182,7476.43750300,0
1503048538,18742195,0.16183,3960.26694679,0
1503048493,18742182,0.16198,923.64197531,0
1503048493,18742181,0.16198,99.75308642,0
1503048487,18742177,0.16200,77642.29807039,0
1503048486,18742176,0.16200,100.00000000,0
1503048486,18742175,0.16200,800.00000000,0
1503048486,18742174,0.16198,10180.29600000,0
1503048485,18742173,0.16198,10861.63800000,0
1503048485,18742172,0.16198,44264.14400000,0
1503048485,18742170,0.16180,0.00000003,0
1503048485,18742169,0.16180,799.99999997,0
1503048485,18742168,0.16172,8166.75827000,0
1503048484,18742167,0.16167,11439.43800000,0
1503048484,18742166,0.16160,0.00000003,0
1503048484,18742164,0.16160,746.34534137,0
1503048484,18742163,0.16155,1027.15881721,0
1503048484,18742161,0.16150,100.00000000,0
1503048483,18742158,0.16145,1271.83872000,0
1503048483,18742156,0.16145,6359.19360000,0
1503048482,18742154,0.16145,7667.14663100,0
1503048482,18742152,0.16144,18573.74455000,0
1503048467,18742140,0.16062,4557.09506821,1
1503048467,18742136,0.16075,2998.38248179,1
1503048466,18742133,0.16062,0.00005445,0
1503048465,18742129,0.16062,7001.61731885,0
1503048462,18742120,0.16077,2998.38262670,1
1503048460,18742118,0.16077,10000.00000000,1
1503048454,18742108,0.16060,0.00005330,0
1503048454,18742106,0.16060,2379.86596670,0
1503048452,18742097,0.16072,4188.44831000,1
1503048451,18742096,0.16075,3431.68567000,1
1503048451,18742095,0.16075,9560.22674000,1
1503048451,18742094,0.16076,439.77326000,1
1503048450,18742093,0.16076,10000.00000000,1
1503048328,18741968,0.16155,314.45372950,0
1503048037,18741688,0.16116,123.79002234,0
1503048013,18741673,0.16050,2500.00000000,1
1503048006,18741657,0.16079,1154.69268000,0
1503047981,18741639,0.16111,10439.80000000,0
1503047940,18741592,0.16075,1353.00000000,0
1503047929,18741590,0.16055,1765.29948081,1
1503047929,18741589,0.16074,0.00001919,1
1503047929,18741588,0.16075,281.70050000,1
1503047863,18741553,0.16031,281.70048081,0
1503047805,18741505,0.16031,392.16300000,0
1503047795,18741497,0.16031,4.21918500,0
1503047795,18741496,0.16007,2810.04081500,0
1503047744,18741437,0.16007,124.30081500,0
1503047722,18741433,0.16007,7065.65837000,0
1503047721,18741432,0.16007,10000.00000000,0
1503047718,18741406,0.16007,10000.00000000,0
1503047718,18741404,0.16007,10000.00000000,0
1503047718,18741402,0.16006,2934.34163000,0
1503047712,18741334,0.16007,4470.84093500,0
1503047704,18741305,0.16006,3486.34649000,0
1503047700,18741303,0.16007,5529.15906500,0
1503047699,18741302,0.16007,4470.84093500,0
1503047697,18741301,0.16007,6.21615000,0
1503047697,18741300,0.16006,4142.19385000,0
1503047629,18741277,0.16007,5059.76969000,0
1503047628,18741276,0.16006,4940.23031000,0
1503047608,18741255,0.16010,463.17322500,1
1503047608,18741253,0.16010,8255.31094000,1
1503047608,18741252,0.16011,1744.68906000,1
1503047606,18741250,0.16011,10000.00000000,1
1503047598,18741238,0.16011,1254.49900000,1
1503047575,18741222,0.16010,1281.51583500,1
1503047464,18741138,0.16000,3000.00000000,1
1503047456,18741131,0.16033,429.65500000,0
1503047394,18741110,0.16042,474.15500000,0
1503047176,18740965,0.16034,174.62211550,0
1503047124,18740853,0.16034,1062.32000000,0
1503047080,18740828,0.16034,684.77700000,0
1503047048,18740817,0.16035,335.70400000,0
1503047010,18740791,0.16035,1536.91231680,0
1503046994,18740785,0.16035,1245.07000000,0
1503046989,18740782,0.16035,1778.11768007,0
1503046969,18740763,0.16034,262.82761452,0
1503046968,18740762,0.16032,0.00000179,0
1503046905,18740720,0.16028,3.35000000,0
1503046904,18740719,0.16018,2231.00000000,0
1503046751,18740592,0.16001,990.37865920,1
1503046751,18740591,0.16003,13006.49919000,1
1503046750,18740590,0.16009,5000.00000000,1
1503046749,18740589,0.16010,856.73145780,1
1503046523,18740458,0.16010,1000.00000000,1
1503046488,18740434,0.16032,1713.27639000,0
1503046447,18740397,0.16032,2066.06000000,0
1503046420,18740385,0.16031,964.92900000,0
1503046124,18740105,0.16032,599.99999900,0
1503046095,18740081,0.16032,2486.82141313,0
1503046028,18740010,0.16031,909.23275300,0
1503045977,18739923,0.16032,918.20530584,0
1503045977,18739922,0.16029,2.18722160,0
1503045949,18739885,0.16031,2360.40927840,1
1503045949,18739884,0.16031,1.91986160,1
1503045949,18739882,0.16031,2360.67663840,1
1503045948,18739877,0.16030,0.00000029,0
1503045947,18739875,0.16031,2362.59653171,1
1503045942,18739867,0.16031,3588.96723139,0
1503045935,18739863,0.16032,3048.70388456,0
1503045921,18739846,0.16034,899.99985268,0
1503045920,18739842,0.16034,310.80519764,0
1503045914,18739809,0.16035,999.30048965,0
1503045910,18739777,0.16036,588.97712871,0
1503045908,18739760,0.16036,1999.99985435,0
1503045907,18739754,0.16036,200.45302076,0
1503045906,18739751,0.16038,7024.36299031,1
1503045905,18739749,0.16038,10000.00000000,1
1503045905,18739747,0.16038,10000.00000000,1
1503045905,18739746,0.16038,10000.00000000,1
1503045904,18739744,0.16038,11635.34562500,1
1503045904,18739743,0.16039,1105.54320000,1
1503045885,18739740,0.16039,320.79304803,1
1503045884,18739739,0.16038,1340.29138469,1
1503045883,18739738,0.16039,210.56992331,1
1503045715,18739620,0.16055,1821.75809666,0
1503045694,18739593,0.16002,5789.30172739,0
1503045693,18739591,0.16002,1010.09250000,1
1503045693,18739590,0.16002,1010.09250000,1
1503045692,18739588,0.16002,1010.09250000,1
1503045692,18739586,0.16002,10000.00000000,1
1503045692,18739584,0.16002,10000.00000000,1
1503045691,18739583,0.16002,10000.00000000,1
1503045691,18739582,0.16002,10000.00000000,1
1503045691,18739580,0.16003,1010.09250000,1
1503045691,18739577,0.16003,1010.09250000,1
1503045690,18739576,0.16003,1010.09250000,1
1503045690,18739575,0.16003,1010.09250000,1
1503045690,18739573,0.16003,1010.09250000,1
1503045690,18739572,0.16003,10000.00000000,1
1503045662,18739520,0.16034,1054.00175999,1
1503045657,18739499,0.16064,2498.25122414,0
1503045624,18739420,0.16068,1278.47973113,0
1503045623,18739419,0.16068,0.00012635,0
1503045621,18739412,0.16068,1278.47967365,0
1503045620,18739411,0.16068,1278.47980000,0
1503045620,18739410,0.16063,1167.18297836,0
1503045618,18739405,0.16067,583.59148595,1
1503045618,18739404,0.16068,111.29683569,1
1503045617,18739402,0.16068,583.59150000,1
1503045617,18739401,0.16068,583.59150000,1
1503045612,18739398,0.16098,0.87600000,0
1503045612,18739397,0.16073,584.00000000,0
1503045583,18739368,0.16099,1031.80321759,0
1503045561,18739311,0.16069,2065.25899500,1
1503045309,18739180,0.16138,1408.89990089,0
1503045296,18739171,0.16099,3819.00000000,0
1503045295,18739170,0.16069,500.00000000,1
1503045285,18739168,0.16068,766.58662476,1
1503045270,18739141,0.16068,9700.00000000,1
1503045114,18739042,0.16068,12000.00000000,1
1503044856,18738745,0.16040,0.00008864,0
1503044847,18738740,0.16040,2166.32760630,0
1503044753,18738679,0.16050,28473.36155113,1
1503044732,18738674,0.16050,13707.96343329,1
1503044732,18738673,0.16058,1341.61254671,1
1503044732,18738672,0.16059,14834.28902000,1
1503044658,18738637,0.16150,7833.68443433,1
1503044656,18738635,0.16150,13107.40989200,1
1503044650,18738630,0.16150,7814.34000000,1
1503044642,18738619,0.16150,20190.43562800,1
1503044640,18738618,0.16150,25418.87786300,1
1503044636,18738616,0.16150,10692.83704600,1
1503044635,18738615,0.16150,18062.59728000,1
1503044626,18738607,0.16150,12248.57563700,1
1503044626,18738606,0.16150,30163.69326200,1
1503044626,18738605,0.16150,8748.03740000,1
1503044623,18738601,0.16150,10640.01035800,1
1503044621,18738597,0.16159,1000.00000000,0
1503044619,18738596,0.16150,8220.98467100,1
1503044618,18738595,0.16150,22570.96283700,1
1503044610,18738586,0.16160,53.65465860,0
1503044609,18738585,0.16159,72.23040395,0
1503044606,18738582,0.16151,4579.33772000,1
1503044605,18738581,0.16151,1886.00000000,1
1503044598,18738577,0.16151,3500.00000000,1
1503044584,18738570,0.16150,1500.00000000,1
1503044572,18738564,0.16159,6179.83786125,0
1503044555,18738540,0.16150,2747.85582700,1
1503044553,18738539,0.16150,4194.57401400,1
1503044551,18738536,0.16150,500.00000000,1
1503044538,18738526,0.16150,39805.00000000,1
1503044536,18738525,0.16150,16240.75265767,1
1503044501,18738513,0.16150,62000.00000000,1
1503044500,18738512,0.16150,663.81100000,1
1503044491,18738506,0.16150,20498.40259500,1
1503044482,18738503,0.16150,4624.48958100,1
1503044471,18738488,0.16150,10998.00000000,1
1503044468,18738483,0.16150,18760.16205600,1
1503044467,18738482,0.16150,9664.19232600,1
1503044465,18738481,0.16150,2612.65746400,1
1503044465,18738480,0.16150,13460.89051700,1
1503044463,18738478,0.16150,12143.26806700,1
1503044462,18738477,0.16150,6709.73461400,1
1503044448,18738474,0.16159,30.88062380,0
1503044448,18738473,0.16150,10182.00000000,1
1503044438,18738468,0.16150,2000.00000000,1
1503044421,18738456,0.16150,11771.72604000,1
1503044420,18738453,0.16150,2152.00000000,1
1503044418,18738452,0.16150,6501.29316900,1
1503044418,18738448,0.16151,9554.73122000,1
1503044418,18738447,0.16160,21178.26285600,1
1503044417,18738446,0.16160,21330.89254000,1
1503044417,18738444,0.16155,584.00000000,0
1503044416,18738441,0.16154,6906.84460400,0
1503044415,18738440,0.16151,3445.26878000,0
1503044414,18738439,0.16150,31704.96030000,1
1503044412,18738436,0.16150,10000.00000000,1
1503044411,18738434,0.16150,20929.26541500,1
1503044410,18738431,0.16150,795.02538900,1
1503044407,18738427,0.16150,10000.00000000,1
1503044407,18738425,0.16150,10000.00000000,1
1503044406,18738422,0.16150,7089.34985000,1
1503044406,18738420,0.16151,2910.65015000,1
1503044406,18738419,0.16151,10000.00000000,1
1503044399,18738409,0.16150,5614.77905300,1
1503044399,18738408,0.16150,10020.98424100,1
1503044398,18738406,0.16150,10000.00000000,1
1503044398,18738405,0.16150,10000.00000000,1
1503044397,18738403,0.16150,10000.00000000,1
1503044397,18738401,0.16150,10000.00000000,1
1503044397,18738397,0.16150,10000.00000000,1
1503044396,18738396,0.16150,10000.00000000,1
1503044396,18738395,0.16150,10000.00000000,1
1503044396,18738394,0.16150,10000.00000000,1
1503044396,18738392,0.16150,10000.00000000,1
1503044395,18738391,0.16150,10000.00000000,1
1503044395,18738390,0.16150,10000.00000000,1
1503044395,18738388,0.16150,10000.00000000,1
1503044394,18738387,0.16150,10000.00000000,1
1503044394,18738386,0.16150,10000.00000000,1
1503044394,18738385,0.16150,10000.00000000,1
1503044394,18738384,0.16150,10000.00000000,1
1503044394,18738383,0.16150,10000.00000000,1
1503044393,18738382,0.16150,10000.00000000,1
1503044393,18738381,0.16150,10000.00000000,1
1503044392,18738377,0.16150,10000.00000000,1
1503044392,18738376,0.16150,12731.08039600,1
1503044392,18738375,0.16150,23908.77015600,1
1503044392,18738374,0.16150,1510.79088200,1
1503044391,18738371,0.16150,1510.79088200,1
1503044390,18738370,0.16150,1020.00000000,1
1503044390,18738369,0.16150,12738.23635700,1
1503044390,18738368,0.16150,689.12443000,1
1503044389,18738367,0.16150,3445.62214000,1
1503044388,18738366,0.16150,24919.23930600,1
1503044388,18738365,0.16150,6508.55153000,1
1503044388,18738364,0.16150,11981.84848800,1
1503044386,18738363,0.16140,800.00000000,0
1503044386,18738362,0.16137,300.00000000,0
1503044386,18738361,0.16120,800.00000000,0
1503044385,18738359,0.16110,40.00000000,0
1503044385,18738358,0.16110,40.00000000,0
1503044385,18738357,0.16100,88389.92837500,0
1503044385,18738356,0.16100,516.69000200,0
1503044385,18738355,0.16100,180.47521000,0
1503044384,18738354,0.16100,800.00000000,0
1503044384,18738353,0.16100,3500.00000000,0
1503044384,18738352,0.16099,36966.60597200,0
1503044384,18738351,0.16096,850.77090000,0
1503044384,18738350,0.16074,4253.85449000,0
1503044371,18738342,0.16037,2271.50292770,1
1503044287,18738305,0.16094,31.00534361,0
1503044265,18738268,0.16042,8340.12700000,1
1503044265,18738267,0.16042,100.00000000,1
1503044180,18738186,0.16076,1151.34676698,0
1503044180,18738184,0.16075,3150.46071000,0
1503044179,18738183,0.16070,100.00000000,0
1503044106,18738060,0.16041,2000.00000000,1
1503044008,18738022,0.16089,5516.44348722,0
1503043973,18738011,0.16052,1952.62000000,1
1503043972,18738009,0.16053,1952.62000000,1
1503043971,18738007,0.16052,802.85200000,1
1503043967,18738001,0.16051,1335.00000000,1
1503043950,18737990,0.16050,387.02200000,1
1503043938,18737986,0.16046,1875.54000000,1
1503043935,18737980,0.16047,1960.94000000,1
1503043929,18737970,0.16091,31.01112423,0
1503043923,18737962,0.16046,2226.40000000,1
1503043918,18737959,0.16044,2226.47000000,1
1503043913,18737956,0.16093,31.00727024,0
1503043908,18737948,0.16042,518.00000000,1
1503043859,18737895,0.16036,3772.24588427,1
1503043858,18737894,0.16036,1227.75411573,1
1503043841,18737884,0.16044,326.00000000,1
1503043818,18737881,0.16041,1502.00000000,1
1503043765,18737854,0.16042,650.00000000,1
1503043731,18737845,0.16099,22305.00428598,0
1503043713,18737838,0.16037,497.29072000,1
1503043713,18737837,0.16099,27035.70928000,1
1503043712,18737834,0.16099,1167.33946000,1
1503043704,18737826,0.16099,1501.09000000,1
1503043703,18737825,0.16099,15865.67210000,0
1503043703,18737824,0.16098,1386.93797000,0
1503043703,18737823,0.16097,3237.25119000,0
1503043695,18737820,0.16035,4000.00000000,1
1503043684,18737813,0.16099,44134.32790000,0
1503043683,18737812,0.16080,800.00000000,0
1503043683,18737811,0.16080,1102.83605000,1
1503043682,18737810,0.16066,300.00000000,0
1503043682,18737809,0.16060,700.25000000,0
1503043681,18737808,0.16060,99.75000000,0
1503043681,18737807,0.16055,300.00000000,0
1503043680,18737806,0.16054,1102.83605000,0
1503043680,18737805,0.16054,280.00000000,0
1503043680,18737804,0.16054,280.00000000,0
1503043679,18737802,0.16045,100.00000000,0
1503043678,18737801,0.16040,800.00000000,0
1503043669,18737797,0.16034,500.00000000,1
1503043661,18737790,0.16029,0.00004001,0
1503043660,18737789,0.16029,1554.00180000,0
1503043653,18737778,0.16029,866.60535400,0
1503043649,18737773,0.16029,1554.00184000,0
1503043636,18737768,0.16029,2420.60719400,0
1503043633,18737764,0.16028,100.74118000,0
1503043632,18737763,0.16020,340.00052900,0
1503043629,18737757,0.16020,364.96793900,0
1503043626,18737751,0.16020,95.03153200,0
1503043622,18737743,0.16010,7500.00000000,0
1503043622,18737740,0.16010,40.00000000,0
1503043621,18737738,0.16010,1016.19746835,0
1503043621,18737736,0.16003,1500.00000000,0
1503043621,18737734,0.16003,16934.79323997,0
1503043620,18737732,0.16000,1010.09250451,0
1503043620,18737728,0.16000,3989.90749549,0
1503043619,18737726,0.16000,74.57440967,0
1503043619,18737722,0.16000,520.00000000,0
1503043619,18737719,0.16000,75.00000000,0
1503043618,18737718,0.16000,154.07348106,0
1503043618,18737717,0.16000,345.92651894,0
1503043618,18737716,0.16000,800.00000000,0
1503043618,18737715,0.16000,832.89900210,0
1503043617,18737713,0.16000,44380.00000000,0
1503043614,18737711,0.16000,22000.00000000,0
1503043614,18737710,0.16000,768.07525900,0
1503043614,18737709,0.16000,100.00000000,0
1503043614,18737708,0.16000,6807.22692250,0
1503043612,18737706,0.16000,42.77307750,0
1503043612,18737705,0.16000,102.27595550,0
1503043606,18737692,0.15993,7473.27662503,0
1503043604,18737687,0.15993,12811.28121213,0
1503043604,18737684,0.15993,3412.66156684,0
1503043603,18737683,0.15992,183.14266000,0
1503043602,18737681,0.15993,1471.71874600,0
1503043592,18737669,0.15993,5151.06185000,0
1503043591,18737668,0.15992,268.01365000,0
1503043587,18737667,0.15980,800.00000000,0
1503043587,18737666,0.15978,287.37813566,0
1503043581,18737661,0.15978,4731.98635000,0
1503043581,18737660,0.15977,268.01365000,0
1503043580,18737659,0.15969,681.65966886,1
1503043579,18737658,0.15970,1665.69056853,1
1503043573,18737649,0.15971,402.00000000,1
1503043568,18737646,0.15978,3137.21121000,0
1503043567,18737645,0.15977,318.43205000,0
1503043563,18737638,0.15970,500.00000000,1
1503043545,18737625,0.15978,5807.59003782,0
1503043545,18737624,0.15977,378.33511000,0
1503043545,18737623,0.15977,684.84736625,0
1503043532,18737611,0.15969,551.93532142,1
1503043530,18737610,0.15970,5264.22761427,1
1503043524,18737583,0.15969,449.50707000,1
1503043522,18737581,0.15960,0.00000010,0
1503043522,18737580,0.15960,799.99999990,0
1503043522,18737579,0.15958,7516.89793972,0
1503043521,18737578,0.15958,1904.44764200,0
1503043520,18737577,0.15942,199.30584135,1
1503043520,18737576,0.15957,533.69415865,1
1503043517,18737570,0.15957,534.06780000,0
1503043512,18737565,0.15957,970.18909172,0
1503043512,18737563,0.15940,0.00000010,0
1503043512,18737562,0.15940,0.55960818,0
1503043507,18737558,0.15940,723.95056672,0
1503043506,18737555,0.15940,75.48982500,0
1503043498,18737545,0.15904,557.00000000,1
1503043475,18737532,0.15900,3709.00000000,1
1503043457,18737521,0.15920,800.00000000,0
1503043457,18737520,0.15910,40.00000000,0
1503043456,18737517,0.15881,643.56427000,1
1503043455,18737514,0.15900,800.00000000,0
1503043455,18737512,0.15882,3217.82137000,1
1503043452,18737506,0.15880,800.00000000,0
1503043452,18737504,0.15879,987.56666000,0
1503043452,18737503,0.15860,799.99999964,0
1503043451,18737502,0.15860,320.91079000,0
1503043451,18737499,0.15860,936.78887300,0
1503043449,18737496,0.15860,136.70678700,0
1503043449,18737492,0.15854,500.00000000,0
1503043449,18737490,0.15850,4937.83330000,0
1503043423,18737479,0.15812,1455.00000000,1
1503043423,18737478,0.15813,2500.00000000,1
1503043406,18737472,0.15810,1030.24445472,1
1503043406,18737471,0.15810,6982.08717528,1
1503043406,18737470,0.15814,12987.66837000,1
1503043393,18737447,0.15849,7516.27891291,0
1503043392,18737446,0.15810,6986.97469709,0
1503043389,18737427,0.15810,1568.63336044,0
1503043389,18737426,0.15810,1444.39194247,0
1503043388,18737422,0.15809,44.30411071,0
1503043387,18737418,0.15809,713.74357929,0
1503043387,18737417,0.15797,2889.58773000,0
1503043386,18737414,0.15797,900.65072000,0
1503043383,18737408,0.15809,900.65072000,0
1503043382,18737404,0.15798,4503.25361000,0
1503043252,18737325,0.15659,3888.16165127,1
1503043252,18737324,0.15725,7211.68761000,1
1503043252,18737323,0.15850,23942.15073873,1
1503043251,18737320,0.15850,10000.00000000,1
1503043250,18737318,0.15850,10000.00000000,1
1503043249,18737317,0.15850,2075.59328300,1
1503043249,18737316,0.15851,7924.40671700,1
1503043248,18737315,0.15851,4972.24943300,1
1503043247,18737314,0.15850,3052.22687000,1
1503043246,18737313,0.15850,10000.00000000,1
1503043246,18737312,0.15850,3283.84937555,1
1503043245,18737311,0.15850,10000.00000000,1
1503043245,18737310,0.15850,10000.00000000,1
1503043244,18737309,0.15850,4816.88804067,1
1503043244,18737308,0.15850,30257.33283900,1
1503043244,18737306,0.15850,10000.00000000,1
1503043243,18737303,0.15850,18761.67844000,1
1503043243,18737302,0.15850,32735.31769200,1
1503043243,18737301,0.15850,30952.00108335,1
1503043243,18737300,0.15851,12436.44566365,1
1503043242,18737298,0.15851,6329.57747635,1
1503043242,18737297,0.15850,1172.37543166,1
1503043240,18737293,0.15840,800.00000000,0
1503043240,18737292,0.15830,2000.00000000,0
1503043240,18737291,0.15830,1073.49560987,0
1503043240,18737290,0.15824,1523.68542309,0
1503043240,18737289,0.15820,537.55392900,0
1503043239,18737288,0.15820,262.44607100,0
1503043239,18737287,0.15810,40.00000000,0
1503043239,18737285,0.15800,12098.52602308,0
1503043239,18737284,0.15800,800.00000000,0
1503043239,18737283,0.15793,3283.84943000,0
1503043239,18737281,0.15791,15290.25983000,0
1503043238,18737280,0.15785,656.76989000,0
1503043238,18737279,0.15759,584.00000000,0
1503043182,18737227,0.15776,4000.00000000,0
1503043026,18737118,0.15720,1000.00000000,0
1503043026,18737117,0.15719,2665.40957000,0
1503043026,18737116,0.15708,33.00000000,0
1503042985,18737067,0.15707,460.34706300,0
1503042983,18737065,0.15707,1191.97492100,0
1503042977,18737059,0.15707,1890.27244900,0
1503042962,18737049,0.15707,379.11857700,0
1503042950,18737045,0.15699,1104.67035000,0
1503042949,18737044,0.15700,1098.00000000,0
1503042925,18737030,0.15702,426.74719000,0
1503042902,18737019,0.15704,176.86844900,0
1503042893,18737003,0.15705,3606.40773700,0
1503042878,18736994,0.15663,2000.00000000,1
1503042874,18736993,0.15660,82258.89944000,1
1503042874,18736992,0.15661,2500.00000000,1
1503042874,18736991,0.15661,13000.00000000,1
1503042874,18736990,0.15662,2241.10056000,1
1503042866,18736987,0.15669,860.92200600,0
1503042854,18736980,0.15669,5762.80102000,0
1503042853,18736979,0.15669,3376.27697400,0
1503042617,18736837,0.15637,1000.00000000,1
