date,tid,price,amount,type
1506384031,22239392,3305.01,0.09950000,1
1506384002,22239376,3316.38,0.00324195,0
1506383966,22239361,3316.85,0.03780499,0
1506383904,22239348,3312.49,0.04787462,0
1506383904,22239347,3312.49,0.02545083,0
1506383763,22239324,3313.67,0.04552987,0
1506383651,22239307,3315.45,0.04928500,0
1506383643,22239304,3315.44,0.10602938,0
1506383523,22239292,3305.33,0.24634773,0
1506383522,22239291,3305.33,0.26365227,1
1506383188,22239191,3309.90,1.01218716,0
1506383184,22239189,3309.33,0.08854446,0
1506383127,22239179,3309.86,0.01545800,0
1506383001,22239167,3311.00,0.01702945,0
1506382931,22239156,3307.75,0.00478900,0
1506382920,22239155,3305.00,0.75465314,1
1506382792,22239095,3305.00,2.65206684,1
1506382772,22239081,3308.59,0.00749400,0
1506382762,22239070,3305.00,2.12459095,1
1506382762,22239068,3305.17,0.10000000,1
1506382662,22239039,3313.58,0.00875625,0
1506382644,22239030,3313.73,0.14736681,0
1506382523,22238993,3306.00,0.11174531,0
1506382487,22238988,3306.00,0.10000000,1
1506382487,22238987,3306.01,0.12317548,1
1506382344,22238950,3310.00,0.02912594,0
1506382333,22238947,3310.00,0.02874239,0
1506382331,22238946,3310.00,2.54540000,0
1506382331,22238945,3310.44,0.02116033,1
1506382331,22238944,3310.63,1.00000000,1
1506382183,22238932,3315.60,0.00359663,1
1506382183,22238931,3317.08,2.48433106,1
1506382130,22238915,3317.11,0.02506701,0
1506382129,22238913,3317.10,0.01006987,0
1506382096,22238904,3316.19,0.02013973,0
1506382003,22238896,3317.08,0.35100192,0
1506381848,22238868,3307.20,0.35276906,1
1506381846,22238867,3318.68,0.02903173,0
1506381834,22238863,3318.73,0.35118979,1
1506381833,22238861,3318.73,0.40346335,0
1506381785,22238856,3319.34,0.02873839,0
1506381624,22238823,3321.89,0.02039907,0
1506381564,22238757,3317.19,0.01557618,0
1506381542,22238732,3309.21,0.12232500,1
1506381532,22238730,3317.30,0.01525000,0
1506381316,22238639,3308.57,0.12985590,1
1506381316,22238638,3308.66,0.02014410,1
1506381308,22238634,3308.68,0.14485364,1
1506381191,22238604,3318.74,0.02680301,0
1506381143,22238585,3319.21,0.01450693,0
1506381043,22238525,3331.00,1.33880904,0
1506381043,22238524,3331.00,0.29843515,0
1506381043,22238523,3329.24,0.31331558,0
1506381043,22238522,3328.99,0.65000000,0
1506381043,22238521,3328.99,0.04000000,0
1506381042,22238520,3326.00,0.17389916,0
1506381042,22238519,3321.89,0.20000000,0
1506381042,22238518,3320.39,0.00560000,0
1506381042,22238517,3313.89,0.06152228,0
1506381005,22238508,3314.36,0.01427800,0
1506380971,22238500,3324.09,1.06963346,0
1506380971,22238499,3322.23,0.00560000,0
1506380971,22238498,3319.00,0.02112287,0
1506380971,22238497,3317.00,0.07554509,0
1506380970,22238496,3315.88,0.02438196,0
1506380970,22238495,3314.69,0.12304456,0
1506380970,22238494,3314.60,2.54940000,0
1506380963,22238493,3314.67,0.33652201,0
1506380937,22238487,3306.28,0.05000000,0
1506380897,22238478,3309.26,0.12900770,0
1506380881,22238450,3309.26,0.03415738,0
1506380823,22238438,3306.03,0.05024000,1
1506380703,22238397,3309.26,0.06134247,0
1506380693,22238384,3309.26,0.28648517,0
1506380547,22238297,3310.08,0.03000000,1
1506380547,22238296,3311.18,0.18570591,1
1506380547,22238295,3312.83,0.01337300,1
1506380438,22238260,3317.61,0.00301411,0
1506380363,22238203,3318.23,0.02931180,0
1506380307,22238161,3319.00,0.00887713,0
1506380189,22238027,3311.27,0.07000000,1
1506380181,22238021,3318.27,0.00693200,0
1506380145,22237980,3318.40,0.02838342,0
1506380143,22237975,3318.40,0.24617033,0
1506380143,22237974,3314.99,0.01692153,0
1506380140,22237966,3314.99,0.01492454,0
1506380053,22237825,3309.50,0.41954112,1
1506380044,22237821,3309.76,0.01429409,1
1506380042,22237814,3309.82,0.01351131,1
1506380013,22237802,3321.38,0.03373098,0
1506380013,22237801,3321.36,0.20000000,0
1506379984,22237796,3316.58,0.02906729,0
1506379825,22237713,3309.57,0.01136474,0
1506379825,22237712,3309.57,0.07592400,0
1506379783,22237705,3321.07,0.02199000,0
1506379769,22237703,3309.37,0.00609242,1
1506379731,22237697,3309.41,0.14233543,1
1506379730,22237696,3318.00,0.00249136,0
1506379729,22237695,3318.00,0.23048422,1
1506379717,22237680,3322.39,0.03131400,0
1506379704,22237669,3322.57,0.26264569,0
1506379623,22237649,3324.23,0.11803364,0
1506379516,22237580,3318.03,0.03242561,1
1506379510,22237578,3318.00,0.01011578,1
1506379477,22237564,3318.03,0.10083363,1
1506379455,22237562,3318.86,0.07566409,1
1506379375,22237541,3318.11,0.07465786,1
1506379374,22237539,3318.08,0.14987282,1
1506379325,22237529,3327.30,0.02663141,0
1506379324,22237525,3328.27,0.26229720,0
1506379290,22237522,3317.25,0.00237256,1
1506379289,22237521,3317.25,0.00241849,1
1506379289,22237520,3317.25,0.00241849,1
1506379282,22237499,3317.24,0.07076000,0
1506379279,22237495,3317.24,0.26710800,1
1506379263,22237486,3317.13,0.03746788,1
1506379203,22237460,3329.19,0.00159187,0
1506379181,22237456,3329.23,0.24931498,0
1506379069,22237445,3329.00,0.26213429,0
1506379068,22237444,3329.26,0.03380909,0
1506379067,22237443,3329.03,0.02394089,0
1506379066,22237442,3328.87,0.02787476,0
1506379036,22237437,3329.22,0.10000000,0
1506379024,22237435,3328.31,0.02921160,0
1506378978,22237420,3328.99,0.00498272,0
1506378974,22237415,3329.06,0.02394069,0
1506378974,22237412,3329.03,0.57683471,1
1506378968,22237410,3313.60,0.27600402,1
1506378968,22237409,3313.61,0.07079293,1
1506378963,22237406,3313.51,0.06242455,1
1506378962,22237405,3318.15,0.00996545,1
1506378959,22237404,3318.15,0.10000000,1
1506378959,22237403,3319.63,0.01993089,1
1506378946,22237402,3319.62,0.03986178,1
1506378936,22237395,3319.62,0.01100815,1
1506378936,22237394,3319.62,0.02267911,1
1506378935,22237392,3319.65,0.27362379,1
1506378909,22237372,3329.25,0.00200000,0
1506378723,22237303,3329.33,0.26312593,0
1506378681,22237282,3315.17,0.30740707,1
1506378632,22237252,3320.10,0.08117832,0
1506378565,22237239,3320.33,0.02865050,0
1506378506,22237229,3320.20,0.22507414,0
1506378438,22237199,3320.20,0.27213000,0
1506378436,22237196,3320.33,0.27212100,0
1506378434,22237194,3320.33,0.26882400,0
1506378434,22237191,3320.21,0.00329100,0
1506378295,22237109,3311.18,0.02377816,1
1506378295,22237108,3318.36,0.02438253,1
1506378295,22237107,3320.00,0.04510000,1
1506378294,22237105,3320.10,0.09326069,1
1506378235,22237095,3320.21,0.50651504,1
1506378212,22237087,3329.80,0.16245463,0
1506378211,22237086,3329.79,0.27000000,1
1506378211,22237085,3329.79,0.58488531,0
1506378203,22237084,3329.80,0.03888045,0
1506378115,22237063,3335.70,1.32720290,0
1506378113,22237061,3335.79,0.31537756,0
1506378090,22237051,3336.17,0.91768066,0
1506378058,22236991,3325.02,0.02641358,1
1506378046,22236990,3325.02,0.10492938,1
1506377973,22236972,3324.81,0.45313324,1
1506377963,22236970,3324.27,0.05376787,0
1506377962,22236969,3324.21,0.46000000,1
1506377962,22236968,3324.27,0.49218006,1
1506377932,22236931,3324.93,0.50781994,1
1506377924,22236929,3330.59,0.00302760,0
1506377924,22236928,3330.59,0.03164871,0
1506377923,22236927,3330.59,0.06435100,0
1506377884,22236908,3330.67,0.05865652,0
1506377881,22236905,3330.67,0.12324805,0
1506377854,22236887,3330.75,0.53495851,0
1506377845,22236883,3330.77,0.03324791,0
1506377825,22236872,3325.20,0.11354207,1
1506377812,22236857,3325.20,0.01804776,0
1506377804,22236850,3330.88,0.01722145,0
1506377792,22236838,3325.30,0.01625000,0
1506377771,22236820,3331.01,0.00614429,0
1506377724,22236782,3325.49,0.02078378,0
1506377712,22236772,3325.52,0.10895027,1
1506377710,22236771,3325.54,1.12452413,0
1506377708,22236770,3325.51,0.37539339,0
1506377645,22236716,3315.55,0.00956837,1
1506377584,22236651,3326.54,0.13417498,0
1506377566,22236634,3314.98,0.50000000,1
1506377557,22236631,3326.90,0.11618791,0
1506377557,22236630,3326.78,0.25000000,0
1506377556,22236629,3326.77,0.10000000,0
1506377507,22236592,3328.48,0.19075533,0
1506377507,22236591,3328.45,0.97227873,0
1506377504,22236589,3328.48,0.02739816,0
1506377465,22236556,3338.56,0.71608356,0
1506377465,22236554,3338.00,0.01112295,0
1506377465,22236553,3337.00,1.00000000,0
1506377465,22236552,3336.93,1.04875660,0
1506377465,22236551,3336.89,0.04845000,0
1506377465,22236550,3336.89,0.28000000,0
1506377465,22236549,3329.00,0.05379994,0
1506377464,22236548,3328.90,0.29967100,0
1506377464,22236547,3328.85,0.01946228,0
1506377464,22236546,3328.80,2.53490000,0
1506377464,22236545,3328.75,0.91176570,0
1506377407,22236508,3337.65,0.11001710,0
1506377403,22236500,3326.00,0.01876699,1
1506377402,22236497,3337.62,0.00216222,0
1506377329,22236460,3337.92,0.00170000,0
1506377294,22236447,3326.61,0.01255703,1
1506377265,22236435,3335.93,0.06883290,0
1506377259,22236428,3326.30,1.50171216,1
1506377258,22236427,3326.20,1.02705984,1
1506377247,22236423,3331.40,0.83231540,1
1506377237,22236415,3331.40,1.50220443,1
1506377236,22236414,3329.00,0.06239642,1
1506377228,22236405,3331.40,0.80746684,1
1506377224,22236404,3336.00,0.02082548,0
1506377218,22236399,3331.30,0.06211600,1
1506377217,22236397,3336.00,0.06033925,0
1506377217,22236396,3335.99,0.02806752,0
1506377201,22236378,3335.99,0.01795284,0
1506377199,22236374,3331.29,0.17352300,1
1506377184,22236359,3329.10,0.40380503,1
1506377183,22236357,3329.10,0.43051590,1
1506377183,22236356,3329.10,0.03318600,1
1506377182,22236355,3329.10,1.18923744,1
1506377181,22236350,3329.00,0.11649584,1
1506377181,22236349,3329.69,0.02552593,1
1506377180,22236347,3329.69,0.02176619,0
1506377180,22236346,3329.69,0.04186000,0
1506377180,22236345,3329.69,0.03676000,0
1506377180,22236344,3329.68,0.07408788,0
1506377176,22236340,3329.10,0.14196440,1
1506377173,22236339,3329.00,0.22400000,1
1506377168,22236330,3329.00,0.26151367,1
1506377159,22236324,3329.10,0.09366744,1
1506377159,22236323,3329.10,0.06103152,0
1506377155,22236316,3329.10,0.02828700,1
1506377153,22236314,3329.00,0.12205146,1
1506377153,22236313,3329.00,0.16645677,1
1506377152,22236312,3329.00,0.85354428,1
1506377142,22236301,3329.10,0.18637700,1
1506377141,22236300,3329.10,0.18637700,1
1506377141,22236299,3329.10,0.28853646,1
1506377135,22236295,3329.00,0.02225685,1
1506377134,22236293,3329.00,0.10925520,1
1506377131,22236290,3329.00,0.27778214,1
1506377130,22236287,3329.10,0.36302621,1
1506377129,22236285,3329.10,0.27778214,1
1506377128,22236284,3329.00,1.53361404,1
1506377128,22236283,3329.00,0.18332278,1
1506377127,22236282,3329.00,2.03238670,1
1506377121,22236278,3329.00,0.13202500,1
1506377118,22236277,3329.40,0.05827100,1
1506377101,22236263,3329.30,0.06135530,1
1506377101,22236262,3334.49,0.01495581,0
1506377086,22236259,3329.20,0.01033200,1
1506377074,22236250,3329.20,0.34944592,1
1506377073,22236247,3329.20,0.13151722,1
1506377066,22236240,3329.00,1.57229034,1
1506377066,22236239,3329.00,1.77589467,1
1506377065,22236238,3329.10,0.10204803,1
1506377063,22236235,3329.10,1.63750785,1
1506377063,22236234,3329.10,0.17035728,1
1506377060,22236232,3334.52,0.07478438,0
1506377057,22236230,3329.10,0.11872650,1
1506377045,22236211,3329.10,0.03676000,1
1506377034,22236205,3329.10,0.26152267,1
1506377018,22236192,3329.00,0.40035584,1
1506377014,22236187,3329.00,0.15435800,1
1506377006,22236181,3334.20,0.04234745,0
1506377004,22236180,3334.17,0.02385586,0
1506377004,22236179,3329.00,0.00547500,0
1506376969,22236149,3329.00,0.00901100,1
1506376961,22236138,3325.41,0.01506954,1
1506376958,22236132,3335.98,0.01255703,0
1506376955,22236125,3329.50,0.25575855,1
1506376945,22236118,3325.41,0.16581239,1
1506376944,22236117,3325.50,2.00000000,1
1506376944,22236116,3326.04,0.01894874,1
1506376944,22236115,3326.06,0.01894874,1
1506376944,22236113,3327.41,0.05618785,1
1506376942,22236112,3335.38,0.01493721,0
1506376932,22236101,3325.41,0.09676241,1
1506376931,22236097,3326.08,0.06914945,1
1506376924,22236083,3336.00,0.01390589,0
1506376919,22236070,3329.40,0.48321080,1
1506376917,22236069,3329.40,0.06438900,1
1506376891,22236033,3325.30,2.53470103,1
1506376873,22236023,3325.20,0.01260297,1
1506376869,22236022,3322.81,0.51352157,1
1506376869,22236021,3325.18,0.01895375,1
1506376862,22236018,3337.87,0.00170000,0
1506376857,22236016,3325.20,2.00000000,1
1506376857,22236015,3330.18,0.01892530,1
1506376836,22235998,3325.10,0.23855435,1
1506376836,22235997,3329.10,2.52990000,1
1506376824,22235965,3325.01,0.09000000,1
1506376824,22235963,3328.98,0.01893212,1
1506376823,22235961,3330.10,2.52410000,1
1506376816,22235947,3328.91,0.43000000,1
1506376815,22235945,3330.00,0.57535071,1
1506376815,22235944,3330.00,0.13432112,1
1506376815,22235942,3330.00,0.83445359,1
1506376813,22235934,3330.00,0.57477579,1
1506376812,22235933,3330.00,1.49922442,1
1506376812,22235932,3330.00,1.04204819,1
1506376808,22235922,3338.00,0.02827192,0
1506376806,22235913,3338.00,0.00920689,0
1506376805,22235909,3338.00,0.02305208,0
1506376805,22235908,3337.80,0.07175834,0
1506376805,22235907,3337.57,0.02486841,0
1506376805,22235906,3337.56,0.01548305,0
1506376802,22235902,3328.90,0.57467777,1
1506376801,22235900,3328.90,0.66272311,1
1506376799,22235895,3328.90,0.84781133,1
1506376798,22235892,3328.90,0.15992377,1
1506376789,22235859,3330.50,0.25588099,0
1506376789,22235857,3329.99,0.03096610,0
1506376783,22235835,3322.70,0.14384100,1
1506376775,22235800,3322.70,0.02778753,1
1506376769,22235783,3322.70,1.08629902,1
1506376763,22235776,3322.70,0.60108093,1
1506376723,22235698,3327.10,0.03211998,0
1506376723,22235697,3325.33,0.06193220,0
1506376723,22235696,3323.00,0.01532204,0
1506376704,22235690,3323.00,0.16943701,0
1506376704,22235689,3322.99,0.12386441,0
1506376672,22235674,3313.60,0.37591442,0
1506376667,22235671,3312.10,0.20401910,1
1506376651,22235653,3312.10,0.20016798,1
1506376650,22235652,3312.10,0.01487946,1
1506376650,22235651,3312.20,0.00560000,1
1506376648,22235647,3312.10,0.17682398,1
1506376647,22235643,3313.70,0.06620699,1
1506376647,22235641,3315.85,0.43379000,1
1506376645,22235632,3312.10,0.43348610,0
1506376644,22235628,3313.02,0.42827835,1
1506376644,22235624,3313.02,0.05172165,1
1506376644,22235623,3313.60,0.00560000,1
1506376643,22235620,3313.63,0.37774888,1
1506376640,22235615,3313.60,0.92432308,1
1506376634,22235611,3312.10,0.03287848,1
1506376634,22235610,3312.10,0.00922436,1
1506376634,22235609,3313.00,0.02200000,1
1506376634,22235608,3313.60,0.00560000,1
1506376634,22235607,3314.04,0.01368801,1
1506376628,22235602,3314.03,0.11228551,1
1506376624,22235599,3323.49,0.01673388,0
1506376623,22235598,3314.01,0.01539106,0
1506376623,22235597,3314.02,0.08268199,1
1506376605,22235587,3314.19,0.00900000,1
1506376582,22235579,3313.74,0.00800000,1
1506376565,22235571,3323.68,0.01536863,0
1506376540,22235556,3323.76,0.00869993,0
1506376526,22235547,3323.82,0.01260297,0
1506376517,22235541,3313.20,0.01290220,1
1506376495,22235533,3324.24,0.01290220,0
1506376486,22235531,3313.35,0.01288994,1
1506376450,22235521,3324.97,0.02904760,0
1506376441,22235520,3326.03,0.09068199,0
1506376411,22235514,3326.14,0.01089539,0
1506376395,22235504,3313.17,0.10000000,1
1506376372,22235502,3326.47,0.54261052,0
1506376363,22235500,3313.00,0.12280000,1
1506376334,22235496,3327.01,0.00319398,0
1506376315,22235461,3327.40,0.01288994,0
1506376307,22235460,3312.30,0.14056722,1
1506376304,22235459,3327.53,0.01357706,0
1506376300,22235458,3312.60,0.00655565,1
1506376299,22235457,3312.61,0.56000000,1
1506376299,22235455,3312.61,0.01414032,1
1506376299,22235453,3318.70,0.15738956,1
1506376287,22235442,3318.73,0.10150164,1
1506376284,22235439,3328.08,0.00839291,0
1506376283,22235438,3319.04,0.02944953,0
1506376273,22235436,3318.76,0.03000000,1
1506376273,22235435,3318.76,0.10000000,1
1506376254,22235426,3319.04,0.19285043,1
1506376254,22235425,3319.07,0.88060218,1
1506376115,22235330,3318.76,0.01289618,1
1506376103,22235327,3329.49,0.03324791,0
1506376093,22235321,3330.16,0.11403041,0
1506376048,22235306,3319.83,0.00500000,1
1506376041,22235301,3330.16,0.28782791,0
1506376041,22235300,3329.97,0.96217209,0
1506376027,22235288,3329.93,0.03782791,0
1506376021,22235284,3326.70,1.00000000,0
1506375990,22235246,3330.50,0.50123870,0
1506375990,22235244,3326.99,0.49876130,0
1506375973,22235230,3327.00,1.00403000,0
1506375959,22235217,3327.00,0.23976953,0
1506375959,22235216,3325.99,0.49876130,0
1506375959,22235215,3325.98,0.26146917,0
1506375945,22235205,3325.98,0.23729213,0
1506375945,22235204,3325.98,0.33385732,0
1506375943,22235203,3325.98,0.01467987,0
1506375930,22235192,3319.01,0.33963919,1
1506375925,22235186,3323.00,0.13115860,1
1506375922,22235179,3325.98,0.15022411,0
1506375918,22235173,3323.00,0.20000000,1
1506375915,22235170,3323.00,0.13110783,1
1506375912,22235166,3322.99,0.32311864,1
1506375910,22235162,3322.99,0.32298924,1
1506375897,22235153,3325.40,1.00000000,0
1506375894,22235147,3325.90,0.37854793,1
1506375870,22235113,3325.90,0.50123870,0
1506375869,22235112,3325.69,0.49876130,0
1506375848,22235087,3325.70,0.06101121,0
1506375848,22235086,3325.69,0.49876130,0
1506375848,22235085,3325.39,0.44022749,0
1506375841,22235082,3325.39,0.01125000,0
1506375821,22235055,3323.60,0.06392521,0
1506375785,22235043,3325.10,0.00835912,0
1506375762,22235031,3318.70,0.61374334,0
1506375758,22235027,3318.70,0.02169525,1
1506375757,22235020,3318.70,1.07609607,1
1506375747,22235005,3318.60,0.78062437,1
1506375737,22234984,3318.60,0.29496152,1
1506375737,22234983,3318.60,0.07987125,1
1506375733,22234969,3325.39,0.02096642,0
1506375731,22234960,3318.60,1.07518532,0
1506375724,22234933,3325.39,0.01690416,0
1506375722,22234931,3318.20,1.12845821,0
1506375713,22234923,3318.54,1.12802016,1
1506375705,22234910,3318.14,0.46999826,1
1506375701,22234904,3318.13,0.14836900,1
1506375701,22234900,3325.39,0.00941323,0
1506375697,22234893,3318.13,1.23719988,1
1506375685,22234881,3325.39,0.05095427,0
1506375685,22234880,3325.36,0.01594099,0
1506375683,22234875,3325.39,0.02792354,0
1506375670,22234841,3325.44,0.15142711,0
1506375670,22234840,3325.43,0.05079500,0
1506375669,22234839,3325.43,0.03188199,0
1506375649,22234798,3328.48,0.14786954,0
1506375649,22234797,3325.79,0.01289318,0
1506375649,22234796,3325.73,0.06376397,0
1506375639,22234786,3325.79,0.01289618,0
1506375631,22234770,3312.91,0.21737618,1
1506375631,22234769,3312.92,0.04426793,1
1506375630,22234767,3312.91,0.14257886,1
1506375629,22234766,3312.91,0.25318078,1
1506375627,22234763,3312.90,0.01199984,1
1506375627,22234761,3312.91,0.20000000,1
1506375624,22234755,3325.99,0.02655071,0
1506375623,22234753,3312.80,0.76028302,1
1506375623,22234752,3312.83,0.11357698,1
1506375623,22234751,3328.48,0.87247205,1
1506375616,22234743,3324.59,0.12752795,0
1506375611,22234742,3318.70,0.01358795,1
1506375604,22234736,3329.61,0.11357698,0
1506375602,22234734,3328.48,0.00286239,0
1506375583,22234679,3324.90,0.38415421,0
1506375572,22234662,3318.36,0.44746556,1
1506375571,22234661,3318.40,2.55690000,1
1506375549,22234646,3318.41,0.83259969,1
1506375549,22234645,3318.47,0.54634236,1
1506375537,22234633,3318.60,0.25200951,1
1506375532,22234628,3318.60,0.04881742,1
1506375525,22234626,3318.50,0.03629955,0
1506375521,22234621,3318.53,0.01256839,1
1506375498,22234602,3318.40,0.55978640,1
1506375493,22234598,3318.47,0.28755844,1
1506375457,22234572,3329.34,0.83326855,0
1506375457,22234571,3326.00,0.15056000,0
1506375457,22234570,3325.10,0.01617145,0
1506375446,22234563,3325.10,0.01073647,0
1506375425,22234561,3325.10,0.11988819,0
1506375425,22234560,3325.00,0.01260634,0
1506375416,22234557,3312.21,0.01320064,1
1506375391,22234535,3316.10,0.11554600,1
1506375391,22234534,3316.00,0.97141662,0
1506375390,22234533,3312.11,0.11554600,1
1506375384,22234524,3316.00,0.01444470,0
1506375363,22234514,3316.00,0.01298122,0
1506375326,22234504,3316.00,0.00115746,0
1506375325,22234503,3315.83,0.01867799,0
1506375316,22234502,3309.00,1.98675000,1
1506375315,22234500,3309.01,0.43000000,1
1506375315,22234499,3309.01,2.56610000,0
1506375313,22234498,3309.21,1.01715000,1
1506375236,22234477,3311.94,0.01555941,1
1506375236,22234476,3311.95,0.00299841,1
1506375231,22234475,3325.09,0.00299841,0
1506375228,22234474,3309.10,1.95887411,1
1506375228,22234473,3314.00,0.20000000,1
1506375228,22234472,3317.01,0.81013600,1
1506375228,22234471,3320.00,0.89098989,1
1506375228,22234470,3320.00,5.20450000,1
1506375228,22234469,3320.00,3.52794958,1
1506375228,22234468,3320.10,2.52225042,1
1506375225,22234465,3320.10,0.01604958,1
1506375214,22234450,3320.10,0.61525345,1
1506375209,22234449,3320.10,0.14631100,1
1506375208,22234447,3320.10,0.15597267,1
1506375199,22234440,3325.10,0.00320389,0
1506375195,22234438,3320.00,0.17285100,1
1506375192,22234431,3320.00,0.06104559,1
1506375184,22234423,3320.00,0.13098494,1
1506375184,22234422,3320.00,0.01167900,1
1506375176,22234420,3324.79,0.00869827,0
1506375168,22234418,3317.30,0.04402865,1
1506375163,22234415,3324.84,0.01320064,0
1506375158,22234409,3317.50,0.16123600,1
1506375155,22234404,3317.50,0.02777628,1
1506375154,22234402,3324.90,0.58593558,0
1506375153,22234401,3323.00,0.23289000,0
1506375153,22234400,3321.00,0.02000000,0
1506375153,22234399,3317.40,0.16117442,0
1506375138,22234391,3317.30,0.22023333,0
1506375138,22234390,3317.29,0.05555257,0
1506375128,22234382,3317.10,0.45026387,1
1506375128,22234381,3317.10,0.14887498,1
1506375127,22234379,3317.10,0.09119800,1
1506375122,22234373,3317.01,0.08164100,1
1506375113,22234363,3317.01,0.05687700,1
1506375112,22234362,3317.01,0.02470800,1
1506375111,22234360,3317.00,0.04378800,0
1506375111,22234358,3316.90,0.05684000,1
1506375105,22234346,3320.98,0.02803229,0
1506375103,22234344,3316.80,0.02632900,1
1506375102,22234343,3316.80,0.08561300,1
1506375101,22234340,3316.80,0.09120100,1
1506375099,22234336,3316.90,0.01745900,1
1506375098,22234331,3316.71,0.09113900,1
1506375090,22234317,3316.70,0.17663341,1
1506375088,22234313,3314.30,0.07509882,1
1506375071,22234306,3313.91,0.21512286,1
1506375069,22234305,3313.91,0.21481000,1
1506375063,22234298,3313.90,0.49473716,1
1506375062,22234295,3313.80,0.13872487,1
1506375062,22234293,3313.81,0.00000409,1
1506375061,22234289,3313.81,0.21457477,1
1506375059,22234282,3313.81,0.20542114,1
1506375059,22234281,3318.99,0.21457579,1
1506375057,22234275,3318.99,0.08596443,0
1506375057,22234272,3313.80,0.46001570,1
1506375053,22234268,3313.80,0.12616374,1
1506375053,22234266,3315.00,0.00000301,1
1506375041,22234260,3318.99,0.05317300,0
1506375022,22234235,3315.00,0.19999699,1
1506375015,22234232,3319.00,0.20000000,0
1506375012,22234229,3319.00,0.05949768,0
1506375003,22234228,3319.49,0.00366959,0
1506375002,22234227,3312.00,0.10000000,1
1506374933,22234163,3311.53,0.24898924,1
1506374933,22234162,3313.40,0.31321356,1
1506374928,22234161,3313.40,0.02175062,1
1506374924,22234159,3313.40,0.34250317,1
1506374920,22234155,3313.40,0.07515505,0
1506374899,22234149,3311.06,0.68102074,1
1506374892,22234138,3313.40,0.01000000,0
1506374891,22234136,3311.06,0.41698429,1
1506374889,22234131,3311.06,0.49196028,1
1506374887,22234127,3311.06,0.49194518,1
1506374885,22234123,3311.06,1.06797220,1
1506374880,22234120,3311.06,0.02220453,1
1506374871,22234116,3309.00,0.23382092,1
1506374864,22234114,3309.47,0.07201106,0
1506374805,22234109,3309.00,0.12000000,1
1506374804,22234108,3309.01,0.13270427,1
1506374780,22234107,3309.00,0.02162289,1
1506374764,22234105,3309.00,0.01126155,1
1506374763,22234103,3309.00,0.13360165,1
1506374763,22234101,3309.00,0.28976604,1
1506374761,22234100,3309.00,1.13320388,1
1506374741,22234090,3309.00,0.20732747,1
1506374740,22234089,3309.00,0.24552328,1
1506374735,22234085,3309.01,0.00725189,0
1506374732,22234080,3309.01,0.07205875,1
1506374732,22234079,3309.01,0.10147176,1
1506374729,22234073,3309.01,0.24646949,1
1506374726,22234070,3309.00,0.34263826,1
1506374699,22234058,3309.48,0.00313342,0
1506374699,22234056,3309.48,0.00725189,0
1506374680,22234055,3309.48,0.10468109,0
1506374678,22234054,3309.47,0.08805096,1
1506374678,22234053,3309.47,0.00772294,0
1506374646,22234046,3309.34,0.03339904,0
1506374564,22234034,3302.03,0.50574895,1
1506374564,22234033,3302.18,0.46870710,1
1506374505,22234002,3314.55,0.02686948,0
1506374490,22233998,3302.10,0.18525971,1
1506374490,22233997,3303.38,0.01867860,1
1506374489,22233996,3306.55,0.20000000,1
1506374484,22233993,3306.61,0.00201000,1
1506374435,22233987,3310.23,0.01500000,1
1506374435,22233986,3310.23,0.37837500,1
1506374425,22233978,3317.87,0.00927706,0
1506374421,22233976,3310.17,0.03309227,1
1506374341,22233956,3309.58,0.02000000,1
1506374296,22233924,3309.30,0.19502401,1
1506374224,22233912,3308.71,0.01197181,1
1506374223,22233911,3309.00,0.00278743,1
1506374223,22233908,3309.00,0.10000000,1
1506374223,22233906,3309.01,0.10000000,1
1506374203,22233893,3308.73,0.03186978,1
1506374131,22233877,3320.47,0.28425000,0
1506374066,22233855,3321.78,0.00988000,0
1506374064,22233852,3304.27,0.03566807,1
1506374026,22233846,3303.84,0.03000000,1
1506374025,22233845,3303.81,0.30483950,1
1506373981,22233815,3322.98,0.76245048,0
1506373981,22233814,3322.98,0.13779952,0
1506373981,22233813,3322.97,0.10000000,0
1506373976,22233810,3303.13,0.16740592,1
1506373965,22233807,3323.29,0.14600866,0
1506373934,22233802,3323.81,0.00496495,0
1506373905,22233795,3302.02,0.01507742,1
1506373904,22233794,3324.77,0.01485000,0
1506373897,22233787,3301.89,0.30985000,1
1506373892,22233783,3324.87,0.30906434,1
1506373891,22233779,3324.85,0.75228659,1
1506373890,22233778,3324.85,0.97168574,1
1506373890,22233776,3324.83,0.56359027,0
1506373868,22233767,3325.91,0.01177982,0
1506373868,22233766,3325.91,0.13698000,0
1506373860,22233762,3301.60,0.14442515,0
1506373860,22233761,3301.70,0.00557485,1
1506373858,22233759,3301.20,0.00273241,1
1506373858,22233758,3301.41,0.01700000,1
1506373858,22233757,3301.53,0.00228947,1
1506373858,22233756,3301.61,0.45000000,1
1506373857,22233755,3301.72,0.00557485,1
1506373857,22233754,3301.73,0.10000000,1
1506373845,22233751,3326.35,0.00528601,0
1506373845,22233750,3326.35,0.00305000,0
1506373844,22233749,3326.35,0.05695000,0
1506373840,22233748,3326.36,0.06302000,0
1506373820,22233741,3326.51,0.02831426,0
1506373815,22233739,3326.62,0.29728796,0
1506373807,22233736,3301.53,0.01566318,1
1506373801,22233729,3301.21,0.28885030,0
1506373801,22233727,3301.50,0.01114970,1
1506373799,22233723,3301.52,0.20000000,1
1506373749,22233679,3301.20,0.00920220,1
1506373749,22233678,3302.46,0.03000000,1
1506373749,22233677,3304.92,0.10000000,1
1506373749,22233676,3305.25,0.50000000,1
1506373749,22233675,3305.30,2.00000000,1
1506373748,22233674,3306.87,0.10000000,1
1506373748,22233673,3308.18,0.02842284,1
1506373748,22233672,3310.00,3.03102595,1
1506373748,22233671,3311.00,0.02229941,1
1506373748,22233670,3311.01,0.16970393,1
1506373748,22233669,3311.04,0.58814567,1
1506373726,22233665,3328.62,0.10220565,0
1506373726,22233664,3323.29,0.03848026,0
1506373726,22233663,3323.16,0.05956409,0
1506373724,22233661,3323.13,0.02630607,0
1506373703,22233654,3310.60,0.00170000,1
1506373695,22233650,3310.56,0.00200000,1
1506373686,22233647,3323.18,0.02317090,0
1506373685,22233646,3323.21,0.06522491,0
1506373684,22233645,3310.50,0.00200000,1
1506373670,22233603,3313.93,0.30660576,1
1506373668,22233601,3313.90,0.04459097,1
1506373665,22233598,3310.00,4.25077501,1
1506373665,22233597,3310.04,0.50000000,1
1506373664,22233596,3310.25,0.08262499,1
1506373664,22233595,3310.25,0.11737501,1
1506373664,22233594,3310.40,0.17000000,1
1506373664,22233593,3310.41,0.85303201,1
1506373664,22233592,3311.74,0.03410320,1
1506373664,22233591,3311.79,0.48000000,1
1506373664,22233590,3313.87,0.05918978,1
1506373664,22233589,3313.87,0.03000000,1
1506373657,22233585,3323.29,0.01566069,0
1506373655,22233584,3313.90,0.00200000,1
1506373647,22233577,3323.26,0.34321118,0
1506373647,22233576,3320.49,0.11169956,0
1506373645,22233575,3313.84,0.04416903,0
1506373625,22233573,3311.41,0.00200000,1
1506373616,22233570,3311.31,0.00178000,1
1506373608,22233567,3311.11,0.00200000,1
1506373602,22233563,3310.82,0.00200000,1
1506373585,22233560,3313.84,0.30000000,0
1506373581,22233559,3313.84,0.02986502,0
1506373581,22233558,3313.84,0.12027044,0
1506373566,22233547,3313.84,0.17837956,0
1506373565,22233546,3310.70,0.00160000,1
1506373560,22233541,3322.00,0.29827092,1
1506373559,22233540,3322.00,0.00200000,0
1506373548,22233537,3322.00,0.32546658,1
1506373548,22233536,3320.50,0.02026889,0
1506373548,22233535,3320.49,0.06668000,0
1506373546,22233534,3313.78,0.08761000,0
1506373531,22233533,3310.46,0.01827451,1
1506373529,22233531,3310.43,0.00160000,1
1506373515,22233521,3313.81,0.00170000,1
1506373513,22233520,3320.50,0.05173038,0
1506373511,22233519,3320.49,0.01644039,0
1506373505,22233517,3320.46,0.02782801,0
1506373499,22233514,3313.78,0.00200000,1
1506373486,22233513,3320.35,0.05477513,0
1506373486,22233512,3320.00,0.00250000,0
1506373466,22233506,3320.50,0.30000000,0
1506373463,22233504,3313.69,0.03083700,1
1506373461,22233502,3320.50,0.01061331,0
1506373461,22233501,3320.49,0.03288077,0
1506373406,22233495,3323.40,2.33539307,0
1506373404,22233494,3323.29,0.06576154,0
1506373402,22233493,3323.23,0.12516738,0
1506373363,22233481,3323.53,0.02923769,0
1506373305,22233444,3319.90,0.00750926,0
1506373214,22233414,3312.40,0.08420100,1
1506373210,22233413,3327.83,0.00420657,0
1506373182,22233402,3312.11,0.12000964,1
1506373182,22233401,3312.14,0.91161036,1
1506373179,22233400,3330.30,0.41235023,1
1506373179,22233399,3328.79,0.10968900,0
1506373178,22233398,3327.69,0.05000000,0
1506373178,22233396,3327.68,0.31000000,0
1506373178,22233393,3326.00,0.00800000,0
1506373176,22233388,3325.47,0.13903235,1
1506373176,22233387,3325.47,0.76223563,0
1506373165,22233384,3325.49,0.00599771,0
1506373164,22233383,3325.50,0.05738742,0
1506373144,22233373,3326.27,0.08507718,0
1506373125,22233363,3326.40,0.03259303,0
1506373103,22233349,3310.24,0.02888613,1
1506373096,22233347,3310.41,0.02007300,1
1506373078,22233335,3311.83,0.00200000,0
1506373068,22233333,3311.83,0.00160000,1
1506373053,22233326,3327.69,0.08242513,0
1506373029,22233314,3311.03,0.00200000,1
1506372968,22233254,3328.08,0.02798121,0
1506372962,22233249,3315.80,0.39069000,1
1506372959,22233248,3315.73,0.03483279,1
1506372958,22233247,3328.76,0.20982287,1
1506372943,22233232,3328.06,0.01438330,0
1506372926,22233226,3328.09,0.01466528,0
1506372924,22233224,3328.06,0.05715020,0
1506372885,22233210,3328.18,0.58254624,0
1506372863,22233193,3328.27,0.02807350,0
1506372859,22233181,3316.00,0.17665809,1
1506372816,22233156,3315.61,0.10000000,1
1506372806,22233154,3328.55,0.00830207,0
1506372792,22233111,3328.59,0.06000000,0
1506372753,22233098,3328.79,0.10983797,1
1506372753,22233097,3328.79,0.09016203,0
1506372732,22233079,3315.60,0.42472315,1
1506372732,22233078,3315.61,0.00560000,1
1506372726,22233076,3316.30,0.25000000,1
1506372726,22233075,3316.39,0.00403200,1
1506372715,22233069,3316.41,0.11512745,1
1506372712,22233068,3330.39,0.01644320,0
1506372706,22233067,3329.66,0.02995774,0
1506372703,22233066,3318.16,0.20000000,1
1506372703,22233065,3321.01,0.50000000,1
1506372694,22233063,3318.16,0.02486841,1
1506372693,22233062,3318.79,0.00496122,1
1506372693,22233061,3320.41,0.76387201,1
1506372693,22233060,3322.00,0.44000000,1
1506372693,22233059,3322.90,0.01500000,1
1506372683,22233047,3329.17,0.05542823,0
1506372652,22233022,3329.25,0.02974148,0
1506372648,22233013,3324.00,0.13504514,1
1506372636,22233011,3322.90,2.16241689,1
1506372636,22233010,3323.52,0.36619549,1
1506372636,22233009,3323.55,0.46990364,1
1506372631,22233006,3323.55,0.10682398,1
1506372602,22232996,3330.06,0.00450578,0
1506372588,22232993,3329.59,0.11725434,0
1506372586,22232992,3329.54,0.00861738,0
1506372562,22232984,3322.81,0.19997148,1
1506372523,22232966,3329.53,0.01124009,0
1506372459,22232946,3329.30,0.50000000,1
1506372454,22232944,3322.13,0.19355275,1
1506372450,22232941,3330.20,0.02571109,0
1506372450,22232940,3330.18,0.12343755,0
1506372448,22232937,3330.00,0.00210136,0
1506372446,22232933,3329.29,0.01680000,0
1506372445,22232932,3329.29,0.04572032,0
1506372445,22232930,3329.26,0.04204800,0
1506372383,22232909,3329.96,0.00842134,0
1506372366,22232903,3320.41,0.06132349,1
1506372361,22232901,3321.60,0.10157452,1
1506372360,22232898,3320.44,0.02126728,1
1506372356,22232896,3329.82,0.05000000,0
1506372345,22232850,3329.90,0.02827031,0
1506372343,22232849,3321.60,0.06250000,1
1506372324,22232839,3329.90,0.02880941,0
1506372303,22232823,3329.96,0.02995195,0
1506372302,22232822,3321.37,0.08211411,1
1506372278,22232811,3330.03,0.26329083,0
1506372245,22232784,3330.18,0.02268028,0
1506372244,22232783,3329.90,0.01000000,0
1506372243,22232780,3329.63,0.00690434,0
1506372174,22232754,3320.47,0.00200000,1
1506372163,22232752,3329.87,0.02315883,0
1506372134,22232747,3320.24,0.00200000,1
1506372127,22232741,3330.39,0.07151008,0
1506372125,22232740,3330.40,0.02110685,0
1506372125,22232739,3330.00,0.00500000,0
1506372120,22232734,3320.09,0.00160000,1
1506372076,22232712,3320.01,0.21418072,1
1506372046,22232697,3329.97,0.04809667,0
1506372037,22232693,3319.40,0.11586207,1
1506372007,22232656,3319.11,0.00200000,1
1506372006,22232655,3319.10,0.40000000,1
1506372004,22232653,3330.50,0.09194442,0
1506372002,22232649,3330.50,0.00540728,0
1506371991,22232648,3330.10,0.02963218,0
1506371991,22232647,3330.10,0.07185190,0
1506371989,22232643,3330.10,0.01369608,0
1506371989,22232641,3329.00,0.01000000,0
1506371989,22232640,3328.99,0.02402073,0
1506371989,22232639,3328.94,0.10311613,0
1506371978,22232637,3318.79,0.00200000,1
1506371944,22232621,3330.50,0.62688184,0
1506371939,22232617,3322.80,0.00170000,0
1506371934,22232614,3330.50,0.00600500,0
1506371927,22232605,3330.50,0.07545444,0
1506371920,22232601,3330.50,0.10000000,0
1506371904,22232592,3330.50,0.02360910,0
1506371890,22232590,3330.50,0.22000000,1
1506371884,22232586,3319.17,0.00072597,1
1506371884,22232585,3330.00,0.14007280,1
1506371875,22232575,3330.00,0.03780407,1
1506371864,22232557,3336.98,0.01607237,0
1506371863,22232555,3330.20,0.36792986,1
1506371851,22232543,3330.04,0.02212293,1
1506371841,22232541,3330.00,0.02212313,1
1506371824,22232534,3336.68,0.03678236,0
1506371819,22232532,3336.69,0.72222189,0
1506371785,22232522,3336.89,0.00862191,0
1506371752,22232476,3335.64,0.07175834,1
1506371743,22232450,3341.90,0.02025000,0
1506371733,22232427,3342.79,0.05913241,0
1506371733,22232426,3342.79,0.29308668,0
1506371720,22232397,3325.62,0.08701806,1
1506371720,22232396,3335.64,0.04437194,1
1506371718,22232395,3342.99,0.03000000,1
1506371718,22232394,3342.99,0.27000000,0
1506371709,22232371,3335.64,0.08262833,1
1506371700,22232346,3343.59,0.00320693,0
1506371685,22232304,3343.66,0.02884215,0
1506371675,22232292,3325.02,0.01175411,1
1506371675,22232291,3325.03,0.00553994,1
1506371671,22232286,3325.03,0.01126006,1
1506371669,22232284,3325.02,0.02689426,1
1506371669,22232283,3325.11,0.00281457,1
1506371669,22232282,3325.12,0.01895410,1
1506371665,22232278,3325.13,0.01125104,1
1506371663,22232274,3327.61,0.02645570,0
1506371655,22232256,3330.03,0.18934200,0
1506371650,22232246,3343.79,0.42471267,1
1506371648,22232241,3342.40,0.01680000,0
1506371647,22232239,3325.13,0.05873045,1
1506371647,22232238,3325.14,0.01680000,1
1506371642,22232226,3330.10,0.05181000,1
1506371641,22232224,3330.10,1.42143994,1
1506371640,22232221,3330.17,0.07296043,0
1506371636,22232209,3330.10,0.55528829,1
1506371630,22232187,3343.77,0.05158930,1
1506371630,22232186,3343.77,0.24672667,0
1506371623,22232170,3330.03,0.16682094,1
1506371617,22232160,3330.03,0.05192412,1
1506371615,22232156,3343.86,0.02972014,0
1506371615,22232155,3343.85,0.23875700,1
1506371612,22232152,3324.84,0.03782283,1
1506371612,22232150,3324.84,0.61217717,1
1506371612,22232149,3330.00,0.01140540,1
1506371608,22232144,3330.03,0.13580300,1
1506371608,22232141,3343.87,1.00000000,0
1506371604,22232133,3343.88,0.03862421,0
1506371600,22232124,3330.00,0.23859460,0
1506371579,22232066,3324.81,0.14954788,1
1506371578,22232064,3344.59,0.03968663,0
1506371578,22232063,3344.58,0.96031337,0
1506371564,22232051,3344.63,0.22160062,0
1506371564,22232050,3344.62,0.02481602,0
1506371564,22232048,3343.00,0.13740607,0
1506371564,22232047,3342.03,0.30079095,0
1506371564,22232046,3340.30,0.06848378,0
1506371564,22232045,3340.00,0.05000000,0
1506371564,22232044,3340.00,0.14248847,0
1506371564,22232043,3339.00,0.13695478,0
1506371563,22232042,3338.83,0.29000000,0
1506371563,22232041,3338.80,0.24473781,0
1506371563,22232040,3333.00,0.05565587,0
1506371563,22232039,3333.00,0.00610402,0
1506371563,22232038,3330.00,0.82221161,0
1506371552,22232023,3330.00,1.00000000,0
1506371546,22232014,3330.00,0.02995495,0
1506371510,22231913,3319.40,1.38876817,1
1506371500,22231892,3328.40,0.30890520,1
1506371497,22231886,3330.00,0.10566490,0
1506371497,22231885,3329.99,0.01749188,0
1506371496,22231883,3319.31,0.33961000,1
1506371496,22231882,3319.31,0.56000000,1
1506371487,22231869,3319.21,1.81131947,1
1506371487,22231865,3319.28,0.36639480,1
1506371487,22231863,3319.30,2.00000000,1
1506371487,22231861,3323.53,1.01715000,1
1506371486,22231859,3328.33,0.09448439,1
1506371484,22231851,3328.30,0.16079400,1
1506371484,22231850,3330.00,0.05005936,0
1506371484,22231848,3328.30,1.26411518,1
1506371481,22231846,3324.43,0.03498376,0
1506371481,22231844,3323.52,0.02756965,0
1506371475,22231830,3323.52,0.00242867,0
1506371474,22231825,3319.10,0.27872400,1
1506371474,22231824,3323.52,0.03000000,1
1506371465,22231802,3319.10,0.09169125,1
1506371464,22231800,3319.10,0.06549669,1
1506371462,22231796,3319.10,0.78828105,1
1506371459,22231788,3319.10,0.37560028,1
1506371453,22231778,3315.40,0.15013417,1
1506371453,22231777,3315.40,0.43648066,1
1506371453,22231776,3315.40,0.06472179,1
1506371452,22231774,3315.40,2.33530159,1
1506371452,22231773,3315.40,0.13607662,1
1506371449,22231762,3315.43,0.15025342,1
1506371446,22231759,3315.32,0.42496574,1
1506371440,22231746,3315.32,0.07503426,1
1506371440,22231745,3315.41,0.00485734,1
1506371439,22231742,3329.50,1.14486259,0
1506371439,22231741,3328.00,0.30245800,0
1506371438,22231735,3327.95,2.49890000,1
1506371438,22231734,3327.95,0.59235566,1
1506371437,22231733,3327.92,0.98208501,0
1506371427,22231711,3315.41,0.03118231,1
1506371424,22231709,3330.00,0.14210918,0
1506371421,22231707,3329.29,0.02926857,0
1506371419,22231705,3329.22,0.01791499,0
1506371416,22231702,3315.30,0.47322737,1
1506371416,22231701,3315.30,0.03925935,1
1506371402,22231683,3329.60,0.00626428,0
1506371387,22231677,3315.20,0.81027479,1
1506371386,22231676,3315.23,0.17658146,1
1506371385,22231674,3329.38,0.11667065,0
1506371363,22231657,3315.14,0.69667999,1
1506371363,22231656,3315.20,2.54050000,1
1506371362,22231655,3315.20,0.00971468,1
1506371351,22231642,3315.11,0.49925598,1
1506371351,22231641,3315.13,0.01942934,1
1506371334,22231618,3315.11,0.46655254,1
1506371334,22231616,3324.00,0.00000300,1
1506371289,22231600,3324.00,0.19999700,1
1506371285,22231591,3329.99,0.19261030,0
1506371284,22231587,3329.96,0.00842149,0
1506371264,22231576,3329.82,0.01469314,0
1506371263,22231575,3322.78,0.18530686,0
1506371252,22231562,3313.11,0.33805894,1
1506371252,22231561,3313.20,0.03885869,1
1506371250,22231560,3322.60,0.63511015,1
1506371250,22231559,3322.60,0.14530078,1
1506371250,22231558,3322.45,1.15296544,0
1506371243,22231556,3322.78,0.01469314,0
1506371243,22231555,3322.45,0.00000012,0
1506371242,22231548,3322.45,1.15296988,1
1506371240,22231547,3322.45,1.84703012,0
1506371192,22231518,3312.78,0.29136448,1
1506371186,22231515,3314.07,0.07771738,1
1506371177,22231513,3322.37,0.03854528,0
1506371175,22231512,3314.16,0.07778905,1
1506371145,22231494,3322.20,0.41589041,0
1506371127,22231487,3322.40,0.06708459,0
1506371127,22231486,3322.22,0.04577037,0
1506371125,22231483,3322.24,0.03624935,0
1506371084,22231477,3322.45,0.02833370,0
1506371071,22231472,3322.45,0.16655444,0
1506371053,22231463,3322.45,0.67270362,0
1506371045,22231454,3322.43,0.06409920,0
1506371005,22231409,3312.51,0.10875607,1
1506370984,22231404,3322.37,0.00842861,0
1506370964,22231399,3322.42,0.15044822,0
1506370941,22231366,3322.45,0.00879000,0
1506370925,22231355,3322.37,0.02953140,0
1506370872,22231335,3322.45,0.03573075,0
1506370865,22231330,3322.45,0.02551370,0
1506370864,22231327,3322.39,0.07546457,0
1506370863,22231326,3316.00,0.03751225,0
1506370844,22231321,3316.00,0.02569528,0
1506370822,22231318,3316.00,0.19527095,0
1506370805,22231311,3316.00,0.28153692,0
1506370786,22231279,3310.20,0.00160000,1
1506370783,22231276,3316.00,0.07059822,0
1506370769,22231269,3315.70,0.01504056,0
1506370768,22231268,3315.70,0.01271373,0
1506370765,22231267,3316.00,0.15044980,0
1506370735,22231264,3310.30,0.00170000,1
1506370730,22231263,3316.00,0.07520205,0
1506370725,22231260,3315.70,0.10000000,0
1506370704,22231258,3316.00,0.00843764,0
1506370702,22231255,3315.90,0.03208927,0
1506370676,22231254,3315.80,0.02934634,0
1506370675,22231253,3315.80,0.08249805,0
1506370673,22231252,3315.80,0.01934472,0
1506370671,22231251,3315.80,0.02833481,0
1506370670,22231250,3316.00,0.00841375,0
1506370670,22231249,3316.00,0.05109048,0
1506370668,22231248,3316.00,0.12737607,0
1506370666,22231247,3315.80,0.02871136,0
1506370665,22231246,3316.00,0.00837844,0
1506370663,22231245,3315.77,0.06728228,0
1506370612,22231235,3310.38,0.01380507,1
1506370611,22231232,3310.00,2.71819904,1
1506370611,22231231,3310.01,0.61000000,1
1506370611,22231230,3310.04,0.46640270,1
1506370573,22231212,3316.00,0.23590342,0
1506370548,22231202,3316.00,0.03118531,0
1506370546,22231199,3316.00,0.00892443,0
1506370524,22231194,3315.97,0.11422969,0
1506370493,22231187,3316.00,0.92401236,0
1506370483,22231185,3315.07,0.07412990,0
1506370482,22231184,3304.09,0.05069168,1
1506370419,22231170,3316.00,0.06016888,0
1506370416,22231169,3315.57,0.30104628,0
1506370384,22231160,3303.01,0.97231149,1
1506370376,22231123,3315.80,0.03119609,0
1506370376,22231122,3315.79,0.93545593,0
1506370375,22231119,3315.47,0.71417929,1
1506370374,22231118,3315.47,0.10000000,1
1506370374,22231117,3315.47,0.36866017,0
1506370303,22231090,3316.77,0.02842284,0
1506370296,22231089,3316.78,0.60155030,0
1506370235,22231065,3310.31,0.35453812,1
1506370205,22231038,3318.28,0.02978953,0
1506370204,22231034,3318.31,0.09019049,0
1506370187,22231014,3306.02,0.11512237,1
1506370176,22231010,3310.00,0.14539373,1
1506370176,22231009,3310.03,0.00262339,1
1506370170,22231006,3310.06,0.59477031,1
1506370161,22230998,3310.51,0.00524679,1
1506370153,22230986,3321.62,0.85915000,1
1506370151,22230985,3321.62,0.29629202,0
1506370055,22230970,3322.43,0.01883805,0
1506370055,22230969,3320.99,0.01097370,0
1506370043,22230965,3316.72,0.00000428,1
1506370042,22230964,3316.72,0.01048928,1
1506370033,22230962,3310.40,0.11284441,1
1506370033,22230961,3316.72,0.02786600,1
1506370023,22230950,3321.35,0.00000062,1
1506370022,22230948,3321.35,0.14009000,1
1506370019,22230945,3321.31,0.06795429,0
1506369975,22230932,3321.72,0.42189954,0
1506369975,22230931,3321.69,0.54868226,0
1506369975,22230930,3312.51,0.02941820,0
1506369973,22230924,3321.73,0.00000194,1
1506369972,22230923,3317.18,0.14840317,1
1506369969,22230922,3317.15,0.02832451,0
1506369967,22230920,3317.18,0.02682127,0
1506369966,22230919,3317.20,0.02558226,0
1506369958,22230914,3321.76,0.03615252,1
1506369956,22230913,3312.00,0.05410284,0
1506369928,22230899,3312.00,0.01000000,0
1506369925,22230898,3312.00,0.12727570,0
1506369920,22230896,3312.00,2.54710000,0
1506369913,22230895,3311.97,0.29503962,0
1506369913,22230894,3311.97,0.02000000,0
1506369907,22230892,3312.00,0.02098713,0
1506369906,22230891,3312.00,0.04197425,0
1506369905,22230887,3312.00,2.54480000,0
1506369902,22230884,3312.00,0.99597370,0
1506369901,22230882,3313.00,2.54270000,1
1506369901,22230880,3313.19,0.08394850,1
1506369901,22230879,3313.19,0.04485103,1
1506369901,22230878,3313.22,0.98628685,1
1506369896,22230872,3315.98,0.16789701,0
1506369894,22230871,3322.00,0.27285040,0
1506369892,22230868,3315.98,0.02746728,0
1506369852,22230846,3315.98,0.01205346,0
1506369847,22230845,3312.63,0.01371315,1
1506369840,22230839,3312.52,0.02819274,1
1506369836,22230838,3322.30,0.02235454,0
1506369813,22230819,3322.45,0.00615173,0
1506369809,22230815,3322.40,0.02044733,0
1506369808,22230812,3322.40,0.00861407,0
1506369806,22230811,3322.40,0.15198032,0
1506369806,22230810,3322.20,0.03885378,0
1506369798,22230809,3322.20,0.00149901,0
1506369797,22230808,3322.20,0.03885678,0
1506369735,22230794,3322.45,0.52501873,0
1506369735,22230793,3322.44,0.24000000,0
1506369735,22230792,3320.00,0.19432883,0
1506369735,22230791,3319.97,0.54196321,0
1506369704,22230734,3322.20,0.02833634,0
1506369699,22230715,3322.45,0.00500000,0
1506369694,22230699,3322.20,1.25000000,0
1506369684,22230694,3321.67,0.01008605,0
1506369665,22230674,3322.27,0.30159003,0
1506369637,22230667,3322.37,0.14636071,0
1506369630,22230664,3310.00,0.13875318,1
1506369630,22230663,3310.08,0.03772876,1
1506369625,22230658,3310.02,0.01904056,1
1506369625,22230657,3310.08,0.07545753,1
1506369613,22230646,3310.08,0.00162009,0
1506369610,22230644,3310.08,0.15000000,0
1506369605,22230627,3310.05,0.10667814,1
1506369605,22230625,3310.05,0.08571471,1
1506369604,22230624,3310.08,0.21192436,1
1506369602,22230621,3322.24,0.00698260,0
1506369594,22230604,3322.24,0.15091309,1
1506369594,22230603,3322.43,0.67210691,1
1506369593,22230602,3322.43,0.43875773,0
1506369589,22230599,3322.24,0.15012461,0
1506369584,22230593,3322.35,0.02949493,0
1506369542,22230557,3322.43,0.00500000,0
1506369540,22230556,3322.39,0.06179975,0
1506369486,22230518,3322.33,0.03873486,0
1506369458,22230511,3322.43,0.05920909,0
1506369456,22230509,3307.61,0.55825600,0
1506369455,22230508,3307.61,0.19488996,1
1506369445,22230504,3307.59,1.00000000,1
1506369445,22230503,3315.00,0.04390000,1
1506369437,22230492,3322.45,0.30029328,0
1506369436,22230486,3322.44,0.26000000,1
1506369436,22230485,3322.00,0.46345678,0
1506369436,22230484,3322.00,0.60917118,1
1506369435,22230483,3320.51,0.00316980,0
1506369435,22230482,3320.17,0.07245546,0
1506369435,22230481,3320.00,0.08000000,0
1506369433,22230477,3319.97,0.21145350,0
1506369403,22230456,3319.97,0.03146550,0
1506369385,22230445,3319.97,0.03609438,0
1506369385,22230444,3319.58,0.01976303,0
1506369385,22230443,3315.00,0.00062866,0
1506369357,22230428,3315.00,0.04541838,0
1506369357,22230427,3314.99,0.00066092,0
1506369348,22230420,3314.99,0.01369321,0
1506369346,22230418,3314.99,0.03667474,0
1506369333,22230412,3306.33,0.09580049,1
1506369324,22230411,3314.99,0.70858526,0
1506369324,22230410,3314.99,0.02170733,0
1506369323,22230408,3314.99,0.01467382,0
1506369323,22230407,3314.99,0.01497953,0
1506369321,22230403,3314.99,0.02161562,0
1506369318,22230396,3314.99,0.21781966,0
1506369318,22230391,3314.99,0.08021816,0
1506369318,22230390,3314.80,0.04356480,0
1506369313,22230371,3314.99,0.36866800,0
1506369313,22230370,3314.99,2.69057000,0
1506369300,22230363,3314.99,0.07414502,0
1506369298,22230362,3314.80,0.03267896,0
1506369284,22230360,3314.80,0.00863881,0
1506369280,22230358,3314.80,0.07568461,0
1506369279,22230357,3314.80,0.05018729,0
1506369278,22230356,3314.80,0.03568461,0
1506369241,22230333,3314.80,0.03289248,0
1506369222,22230321,3304.00,0.01206311,1
1506369194,22230307,3314.80,0.12626500,0
1506369193,22230302,3314.79,0.11993208,0
1506369192,22230301,3314.79,0.12625500,0
1506369190,22230292,3314.79,0.06808600,0
1506369189,22230289,3314.79,0.68572692,0
1506369189,22230288,3314.76,0.79589982,0
1506369125,22230239,3314.77,0.00836350,0
1506369099,22230221,3314.77,0.02988872,0
1506369070,22230210,3314.80,0.10559134,0
1506369063,22230203,3314.80,0.03237690,0
1506369059,22230174,3314.77,0.08557130,0
1506369025,22230158,3314.98,0.04984079,1
1506369024,22230157,3314.98,0.01076893,0
1506369009,22230139,3314.99,0.06846215,0
1506369009,22230138,3313.45,0.02153785,0
1506369007,22230136,3314.97,0.33788657,0
1506369007,22230135,3313.46,0.10000000,0
1506369002,22230131,3313.49,0.00754378,0
1506368940,22230089,3314.72,0.18078020,0
1506368925,22230081,3314.53,0.01430353,0
1506368925,22230080,3314.51,0.01467695,0
1506368923,22230079,3314.51,0.02839875,0
1506368914,22230075,3314.52,0.07002692,1
1506368913,22230074,3314.53,0.02983826,1
1506368878,22230062,3314.90,0.00270596,0
1506368873,22230061,3303.60,0.97338678,1
1506368873,22230060,3303.61,0.08060484,1
1506368873,22230058,3303.71,0.30015042,1
1506368871,22230056,3314.97,0.03710908,0
1506368867,22230049,3314.96,0.02422665,0
1506368863,22230045,3314.96,0.00871000,0
1506368855,22230041,3313.69,0.13649141,0
1506368804,22230001,3314.64,0.03411759,0
1506368741,22229915,3313.57,0.00844449,0
1506368732,22229914,3302.26,0.62390000,0
1506368706,22229909,3314.20,0.00870623,0
1506368685,22229892,3312.85,0.01280969,0
1506368656,22229876,3313.07,0.62837263,0
1506368628,22229865,3300.60,0.07001530,1
1506368628,22229864,3302.64,0.02546124,1
1506368627,22229863,3302.67,0.01504311,1
1506368624,22229861,3314.90,0.00250000,0
1506368624,22229860,3313.57,0.02546124,0
1506368621,22229857,3313.53,0.05543764,0
1506368610,22229845,3302.60,1.30061689,1
1506368606,22229843,3302.53,0.44000000,0
1506368605,22229841,3302.53,0.06000000,0
1506368598,22229830,3302.53,0.09296472,1
1506368588,22229825,3313.32,0.10868786,0
1506368576,22229818,3302.40,0.01777592,1
1506368548,22229806,3302.20,1.03509888,0
1506368548,22229805,3302.21,0.76469985,1
1506368547,22229804,3306.00,0.18086940,1
1506368547,22229803,3306.03,0.11108939,1
1506368547,22229802,3306.03,0.18125881,1
1506368539,22229801,3314.07,0.05000000,0
1506368486,22229783,3314.65,0.02820326,0
1506368481,22229780,3314.66,0.04462422,0
1506368452,22229771,3314.96,0.03009086,0
1506368444,22229770,3313.53,0.02935596,0
1506368433,22229763,3306.03,0.06567999,1
1506368432,22229761,3313.60,0.02706000,0
1506368424,22229755,3313.73,0.00986627,0
1506368406,22229716,3314.05,1.41099729,1
1506368405,22229715,3314.05,0.09396793,0
1506368402,22229709,3314.02,0.00783280,0
1506368389,22229702,3314.08,0.50269234,0
1506368389,22229701,3314.07,0.12010308,0
1506368382,22229696,3314.07,0.29683044,0
1506368382,22229695,3314.10,0.00321194,0
1506368366,22229688,3313.88,0.01414272,0
1506368365,22229686,3313.91,0.00873335,0
1506368353,22229670,3314.14,0.06178610,0
1506368353,22229669,3314.14,0.01503819,0
1506368333,22229640,3306.70,0.00241954,1
1506368325,22229638,3314.90,0.17271509,0
1506368304,22229631,3314.79,0.02901668,0
1506368283,22229624,3306.60,0.01539044,1
1506368278,22229618,3306.00,0.09813144,1
1506368272,22229616,3314.60,0.30537358,0
1506368271,22229614,3306.00,0.02521404,1
1506368266,22229612,3306.11,0.10953109,1
1506368266,22229611,3306.70,2.55330000,1
1506368266,22229609,3306.73,0.18459308,1
1506368264,22229608,3314.97,0.01294163,0
1506368262,22229607,3314.92,0.01504410,0
1506368260,22229606,3306.50,0.95641356,1
1506368260,22229605,3306.53,0.05000000,1
1506368251,22229601,3306.50,0.04358644,1
1506368231,22229597,3314.53,0.00262423,0
1506368210,22229589,3306.42,0.02214783,0
1506368205,22229585,3306.00,0.29382417,1
1506368205,22229584,3306.40,2.55360000,1
1506368204,22229583,3306.41,0.13587547,0
1506368203,22229579,3306.41,0.11051207,1
1506368203,22229578,3307.10,0.00000314,1
1506368203,22229577,3307.10,0.02999686,1
1506368203,22229576,3307.10,0.00009900,1
1506368200,22229571,3307.13,0.19580120,1
1506368191,22229567,3307.10,0.02990100,1
1506368183,22229553,3306.00,0.29642417,1
1506368183,22229552,3306.30,2.55100000,1
1506368180,22229549,3306.31,0.06508511,1
1506368175,22229543,3306.34,0.37586247,1
1506368164,22229533,3306.00,1.03054887,1
1506368158,22229531,3306.20,1.17212359,0
1506368156,22229528,3306.20,0.02500000,1
1506368156,22229527,3306.21,0.02031027,1
1506368155,22229524,3306.20,0.55065016,1
1506368154,22229519,3306.20,0.14893814,1
1506368153,22229518,3306.20,0.02522900,0
1506368153,22229516,3306.11,0.05122829,1
1506368150,22229512,3306.20,0.02465500,1
1506368150,22229508,3306.20,0.02522900,1
1506368148,22229501,3306.20,0.07507600,1
1506368147,22229496,3306.20,0.07504000,1
1506368133,22229482,3306.11,0.22574333,1
1506368131,22229477,3306.02,0.17320630,1
1506368129,22229473,3306.01,0.03059200,1
1506368125,22229465,3314.99,0.04620567,0
1506368125,22229464,3314.97,0.80442748,0
1506368125,22229463,3314.83,0.47758462,0
1506368125,22229462,3314.78,0.05215200,0
1506368124,22229461,3314.78,0.04469000,0
1506368124,22229460,3314.78,0.04468774,0
1506368122,22229457,3306.01,0.27475360,1
1506368115,22229449,3306.00,0.07498791,1
1506368114,22229446,3314.78,0.04468993,1
1506368097,22229436,3314.78,0.06000000,0
1506368074,22229433,3304.03,0.08513102,0
1506368068,22229427,3314.80,0.01461627,0
1506368067,22229425,3314.83,0.08476577,0
1506368066,22229424,3314.83,0.01926381,0
1506368065,22229423,3314.82,0.00550735,0
1506368064,22229422,3314.82,0.00845365,0
1506368050,22229420,3314.83,0.02018741,0
1506368049,22229419,3310.00,0.47336400,0
1506368049,22229418,3309.97,0.05723762,0
1506368024,22229403,3303.70,0.19874552,1
1506368024,22229402,3305.15,0.00000196,1
1506368019,22229399,3309.97,0.00242607,0
1506368015,22229395,3310.00,0.06027190,0
1506368015,22229394,3310.00,0.13202416,0
1506368013,22229393,3309.99,0.01865692,0
1506368003,22229390,3309.12,0.00873804,0
1506368002,22229389,3305.15,0.10999804,1
1506367993,22229385,3309.15,0.02987017,0
1506367979,22229382,3309.16,0.10007676,0
1506367925,22229368,3309.47,0.14750572,0
1506367921,22229365,3309.47,0.05688800,0
1506367914,22229362,3309.48,0.00470982,0
1506367849,22229339,3309.76,0.53122493,0
1506367764,22229313,3300.61,0.49951718,1
1506367753,22229311,3300.61,0.60968833,1
1506367712,22229254,3309.93,0.04000000,0
1506367704,22229250,3310.00,0.03774466,0
1506367684,22229237,3309.84,0.11796000,0
1506367666,22229223,3302.40,0.09889963,0
1506367625,22229200,3310.00,0.02820528,0
1506367622,22229199,3309.88,0.05766944,0
1506367583,22229170,3309.82,0.11792800,0
1506367546,22229166,3309.96,0.01481287,0
1506367523,22229156,3301.71,0.03046007,1
1506367523,22229154,3309.79,0.00845097,0
1506367488,22229134,3301.17,0.05704968,1
1506367488,22229133,3304.70,0.00000239,1
1506367466,22229127,3309.81,0.00864945,0
1506367403,22229103,3314.60,0.01415997,0
1506367382,22229095,3304.70,0.07289921,1
1506367375,22229084,3300.94,0.62545488,0
1506367371,22229079,3310.77,0.00485213,0
1506367369,22229074,3310.77,0.00970425,0
1506367366,22229066,3314.83,0.39819839,0
1506367366,22229064,3314.82,0.07966440,1
1506367366,22229063,3314.82,0.22000000,0
1506367364,22229058,3310.77,0.80773987,0
1506367305,22229026,3310.77,0.05000000,0
1506367247,22229004,3310.75,0.01940851,0
1506367242,22228999,3310.75,0.01148079,1
1506367241,22228998,3310.75,0.02733113,0
1506367240,22228997,3299.04,0.08743781,1
1506367240,22228995,3310.75,0.08102067,0
1506367239,22228992,3310.75,0.03825646,0
1506367239,22228991,3310.75,0.00339174,1
1506367238,22228990,3310.75,0.15525788,1
1506367238,22228989,3310.77,0.09737590,0
1506367236,22228984,3310.75,0.15525788,1
1506367234,22228981,3310.75,0.07500000,0
1506367233,22228980,3310.75,0.08703685,0
1506367233,22228979,3310.75,0.00000084,1
1506367232,22228978,3310.75,0.08704000,1
1506367230,22228975,3310.75,0.56204047,0
1506367230,22228974,3310.72,0.19837198,0
1506367202,22228965,3310.63,0.00781185,0
1506367104,22228907,3310.33,0.02846969,0
1506367086,22228866,3310.77,0.04488423,0
1506367086,22228865,3310.76,0.25000000,0
1506367084,22228864,3308.79,0.04275891,0
1506367081,22228863,3308.62,0.01727109,0
1506367064,22228856,3310.47,0.01974732,0
1506367042,22228852,3308.80,0.07193557,0
1506367025,22228847,3309.40,0.06963522,0
1506367025,22228846,3309.06,0.02508267,0
1506367025,22228845,3306.01,0.01964120,0
1506367024,22228844,3305.98,0.02940504,0
1506366981,22228830,3296.82,0.01795202,1
1506366962,22228826,3305.98,0.03311090,0
1506366945,22228819,3306.01,0.05635000,0
1506366943,22228818,3305.98,0.02518686,0
1506366925,22228805,3306.01,0.03418734,0
1506366923,22228802,3305.94,0.00881219,0
1506366884,22228783,3306.01,0.00846183,0
1506366872,22228779,3306.05,0.17815755,0
1506366824,22228761,3306.49,0.02905768,0
1506366787,22228757,3306.42,0.29184744,0
1506366764,22228751,3306.32,0.09696840,0
1506366723,22228744,3306.22,0.01449045,0
1506366664,22228700,3306.69,0.02847443,0
1506366644,22228694,3309.05,0.07656187,0
1506366644,22228693,3306.48,0.01897214,0
1506366644,22228692,3305.59,0.20000000,0
1506366605,22228684,3306.45,0.02516953,0
1506366564,22228667,3293.60,0.10640963,1
1506366563,22228666,3294.00,0.01000000,1
1506366563,22228665,3305.80,0.04000000,1
1506366528,22228657,3305.80,0.01407405,0
1506366403,22228603,3294.40,0.58290630,1
1506366403,22228602,3294.41,0.47173829,0
1506366401,22228600,3294.53,0.88535541,1
1506366363,22228588,3304.50,0.01418276,0
1506366350,22228587,3294.06,0.09206452,1
1506366327,22228576,3304.82,0.03621680,1
1506366316,22228574,3293.94,0.12500000,1
1506366304,22228570,3304.94,0.06231039,0
1506366284,22228567,3305.03,0.02962300,0
1506366250,22228557,3305.16,0.00322192,0
1506366224,22228550,3305.28,0.01417779,0
1506366193,22228530,3305.46,0.03283908,0
1506366186,22228524,3305.50,0.02493665,0
1506366184,22228523,3292.79,0.00982195,1
1506366124,22228466,3305.80,0.01357869,0
1506366113,22228464,3291.76,0.00042865,1
1506366113,22228463,3300.31,0.11864037,1
1506366081,22228449,3305.26,0.03662117,0
1506366063,22228444,3305.38,0.15089037,0
1506366061,22228441,3305.40,0.00899189,0
1506366025,22228428,3305.63,0.00845503,0
1506366023,22228427,3289.80,0.01000000,1
1506366017,22228420,3305.67,0.47525000,1
1506366015,22228416,3300.00,0.02500000,0
1506365999,22228407,3289.12,0.01200000,1
1506365983,22228393,3288.99,1.30047526,0
1506365983,22228391,3289.82,0.02508267,1
1506365983,22228390,3289.82,0.32647975,0
1506365982,22228389,3289.83,0.51000000,1
1506365982,22228388,3290.00,0.75317313,1
1506365982,22228385,3292.40,0.00317027,1
1506365980,22228379,3292.92,0.01511892,1
1506365971,22228374,3292.88,0.00250000,1
1506365971,22228372,3292.91,0.00250000,1
1506365954,22228362,3305.97,0.01511892,0
1506365935,22228342,3306.48,0.02500000,1
1506365929,22228336,3292.42,1.70218513,0
1506365928,22228335,3297.10,0.85876487,1
1506365928,22228334,3297.10,0.40000000,0
1506365928,22228333,3297.10,2.55880000,0
1506365928,22228332,3297.11,0.07025000,1
1506365925,22228330,3308.87,0.04013286,0
1506365925,22228329,3308.86,0.40000000,0
1506365922,22228326,3308.89,0.07025000,0
1506365921,22228325,3297.11,0.64606091,1
1506365884,22228311,3303.00,0.30362000,1
1506365883,22228310,3309.16,0.07316000,0
1506365876,22228307,3309.19,0.00250000,0
1506365872,22228306,3309.19,0.00250000,0
1506365852,22228283,3305.66,0.03017551,0
1506365849,22228280,3303.00,0.19638000,1
1506365848,22228276,3305.00,0.01362000,1
1506365835,22228268,3305.66,0.40000000,1
1506365833,22228267,3314.20,0.08000000,0
1506365825,22228265,3314.38,0.00844024,0
1506365824,22228263,3314.39,0.00844024,0
1506365781,22228202,3314.79,0.07115896,0
1506365764,22228193,3314.89,0.00184110,0
1506365763,22228191,3314.90,0.03000000,0
1506365763,22228189,3314.90,0.00368220,0
1506365759,22228188,3314.90,0.00736440,0
1506365757,22228184,3314.90,0.01472880,0
1506365753,22228182,3314.91,0.02945759,0
1506365751,22228180,3314.91,0.05891519,0
1506365741,22228177,3314.92,0.03478537,0
1506365713,22228168,3314.97,0.02503580,0
1506365707,22228164,3314.98,0.02517048,0
1506365707,22228163,3314.97,0.00379935,0
1506365662,22228149,3308.80,0.00062747,1
1506365662,22228148,3310.00,0.19064262,1
1506365657,22228144,3310.00,0.26935738,1
1506365649,22228139,3314.99,0.03009059,0
1506365623,22228132,3314.99,0.07401020,0
1506365551,22228126,3314.98,0.04343139,0
1506365531,22228122,3308.13,0.00089870,1
1506365530,22228121,3313.08,0.35654122,1
1506365529,22228120,3314.98,0.02107095,0
1506365529,22228119,3314.98,0.00759870,0
1506365503,22228111,3314.98,0.01556969,0
1506365474,22228110,3313.08,0.04956083,1
1506365465,22228109,3314.99,0.01320014,0
1506365465,22228108,3314.78,0.01519741,0
1506365463,22228104,3314.99,4.24225110,0
1506365462,22228103,3314.79,0.03039481,1
1506365461,22228101,3314.79,0.24098265,0
1506365376,22228065,3313.08,0.12079739,0
1506365365,22228064,3313.08,0.00920261,0
1506365364,22228063,3313.01,0.02954031,0
1506365344,22228056,3306.80,0.10915455,1
1506365344,22228055,3306.94,0.04072899,1
1506365344,22228054,3310.00,0.01292660,1
1506365344,22228053,3310.01,0.03718986,1
1506365304,22228042,3314.95,0.01414135,0
1506365301,22228041,3310.00,0.01527340,1
1506365300,22228040,3310.00,0.32180000,1
1506365280,22228034,3314.95,0.09028190,0
1506365265,22228030,3305.77,0.01400000,1
1506365244,22228022,3314.98,0.02839918,0
1506365237,22228021,3305.43,0.01500616,1
1506365231,22228014,3314.79,0.04461431,0
1506365172,22228001,3314.99,1.21243934,0
1506365172,22228000,3314.98,0.20000000,0
1506365172,22227999,3314.98,0.03014421,0
1506365172,22227998,3314.93,0.23704401,0
1506365171,22227997,3303.55,0.00251349,1
1506365171,22227996,3303.55,0.00251349,1
1506365171,22227995,3303.55,0.00251349,1
1506365170,22227994,3303.55,0.00251349,1
1506365150,22227972,3314.97,0.00752043,0
1506365137,22227969,3314.96,0.00752045,0
1506365123,22227943,3314.98,0.01540400,0
1506365123,22227942,3313.67,0.01367895,0
1506365120,22227941,3313.68,0.12195708,0
1506364968,22227897,3304.15,0.43313777,0
1506364966,22227896,3309.34,0.07750076,1
1506364943,22227885,3309.34,0.30849924,1
1506364941,22227879,3309.34,0.11400000,1
1506364935,22227878,3314.99,0.04932954,0
1506364935,22227877,3314.98,0.22000000,0
1506364933,22227876,3314.97,0.02735789,0
1506364875,22227837,3319.35,0.04793107,0
1506364874,22227835,3319.34,0.20898432,1
1506364873,22227834,3319.34,0.05471578,0
1506364861,22227829,3319.15,0.07310054,0
1506364849,22227828,3319.20,0.00872233,0
1506364833,22227826,3306.25,0.03187470,1
1506364810,22227816,3319.34,0.00741244,0
1506364808,22227815,3319.34,0.00249748,0
1506364804,22227813,3319.34,0.01115551,0
1506364756,22227798,3317.31,0.02702995,0
1506364725,22227773,3317.43,0.02375300,0
1506364665,22227754,3317.65,0.08467827,0
1506364663,22227753,3303.40,0.13128280,1
1506364644,22227751,3319.18,0.01855761,0
1506364633,22227743,3303.16,0.08616721,1
1506364614,22227738,3303.13,0.03289535,1
1506364614,22227737,3303.14,0.03267731,1
1506364606,22227733,3319.55,0.03267731,0
1506364604,22227732,3303.05,0.10134822,1
1506364601,22227730,3303.13,0.03978304,1
1506364595,22227721,3319.65,0.88806651,0
1506364595,22227719,3319.60,0.24000000,0
1506364594,22227715,3319.58,0.60767930,1
1506364594,22227713,3319.58,3.80182100,1
1506364594,22227712,3319.58,0.05168158,1
1506364565,22227698,3319.71,0.01415208,1
1506364564,22227696,3313.50,0.01413222,0
1506364563,22227695,3313.49,0.10336317,0
1506364514,22227635,3319.84,0.07128357,0
1506364503,22227625,3319.83,0.11690559,0
1506364498,22227621,3317.85,0.03006465,1
1506364496,22227618,3319.87,0.00000183,1
1506364480,22227614,3321.89,0.01127596,0
1506364458,22227578,3322.07,0.20420100,1
1506364456,22227576,3322.10,0.09628403,0
1506364447,22227566,3322.18,0.04503669,0
1506364443,22227559,3322.22,0.29094226,0
1506364441,22227556,3319.87,0.02999817,1
1506364425,22227550,3322.47,0.11791249,0
1506364425,22227549,3320.00,0.02947509,0
1506364423,22227548,3319.96,0.14638339,0
1506364406,22227541,3319.96,0.05891981,0
1506364405,22227539,3319.97,0.03869041,0
1506364368,22227517,3319.87,0.01174170,0
1506364366,22227516,3320.00,0.17052491,0
1506364366,22227515,3319.86,0.29729566,1
1506364364,22227513,3317.86,0.00316993,0
1506364345,22227492,3317.85,0.00999492,1
1506364342,22227487,3310.02,0.00000508,0
1506364338,22227469,3310.02,0.16061193,0
1506364312,22227438,3317.74,0.22549085,0
1506364292,22227427,3317.86,0.10366905,1
1506364292,22227425,3312.45,0.14531563,0
1506364290,22227424,3312.00,0.00227683,0
1506364241,22227368,3312.00,0.05895636,0
1506364238,22227364,3312.00,0.09697254,0
1506364236,22227363,3309.71,0.00302746,0
1506364226,22227357,3306.97,0.57278720,0
1506364221,22227344,3301.41,0.01455009,1
1506364218,22227339,3306.97,0.40720962,0
1506364203,22227324,3306.97,0.01420559,0
1506364202,22227323,3306.97,0.00668554,0
1506364185,22227314,3306.97,0.06190468,0
1506364183,22227311,3306.97,0.14782200,0
1506364164,22227306,3306.97,0.14812332,0
1506364119,22227278,3306.97,0.57267528,0
1506364117,22227273,3305.00,0.03061697,0
1506364082,22227240,3297.20,0.08839964,1
1506364049,22227208,3296.81,0.47009299,1
1506364032,22227190,3305.00,0.03459358,0
1506364032,22227189,3305.00,0.01815000,0
1506364025,22227176,3305.00,0.02225506,0
1506364024,22227175,3300.00,0.01630428,0
1506364021,22227171,3300.00,0.01355720,0
1506364021,22227170,3300.00,0.06983040,0
1506364008,22227168,3296.50,0.06057406,1
1506364000,22227160,3300.00,0.02915260,0
1506363960,22227097,3300.00,0.00101700,0
1506363960,22227096,3300.00,0.02580200,0
1506363947,22227082,3295.71,0.15474607,1
1506363947,22227081,3298.15,0.20047026,1
1506363947,22227080,3298.15,0.02037159,1
1506363944,22227076,3298.15,0.44998546,0
1506363944,22227074,3297.73,0.32917269,0
1506363944,22227073,3297.73,0.07532454,0
1506363944,22227072,3297.73,0.05725884,0
1506363940,22227068,3296.00,0.47502071,0
1506363940,22227067,3295.99,0.29891632,0
1506363940,22227066,3295.99,0.04850415,0
1506363921,22227055,3295.99,0.02972279,0
1506363911,22227048,3295.99,0.03026405,0
1506363882,22227040,3295.99,0.03003630,0
1506363876,22227038,3295.99,0.01513051,0
1506363855,22227030,3295.99,0.30174921,0
1506363846,22227023,3295.99,0.03923620,0
1506363846,22227022,3295.99,0.01067126,0
1506363825,22227015,3295.99,0.00849526,0
1506363805,22227013,3296.00,0.01962250,0
1506363805,22227012,3296.00,0.01472023,0
1506363804,22227011,3296.00,0.05442577,0
1506363804,22227010,3294.19,0.02983778,0
1506363804,22227009,3293.51,0.06198048,0
1506363801,22227006,3288.33,0.01944910,1
1506363794,22226981,3293.51,0.23813439,0
1506363793,22226980,3293.50,0.05967557,0
1506363774,22226970,3288.15,0.11016471,1
1506363772,22226969,3288.23,0.52313529,1
1506363728,22226953,3293.51,0.18172102,0
1506363717,22226947,3287.32,0.00500000,1
1506363706,22226945,3287.46,0.01321735,1
1506363681,22226939,3293.51,0.01280732,0
1506363665,22226927,3296.00,0.02366172,0
1506363665,22226926,3295.00,0.25000000,0
1506363665,22226925,3295.00,0.02423351,0
1506363665,22226924,3294.00,0.01810160,0
1506363665,22226923,3293.51,0.23398471,0
1506363665,22226922,3291.51,0.45001846,0
1506363664,22226921,3291.51,0.01464958,0
1506363661,22226918,3291.51,0.02997517,0
1506363661,22226917,3291.51,0.19970835,0
1506363640,22226906,3291.51,0.29493486,0
1506363640,22226905,3291.42,0.49464321,0
1506363640,22226904,3291.42,0.21042193,0
1506363618,22226895,3291.42,0.16373411,0
1506363618,22226894,3291.40,0.49464321,0
1506363618,22226893,3291.40,0.34162268,0
1506363592,22226879,3291.40,0.15302053,0
1506363592,22226878,3291.37,0.49464321,0
1506363592,22226877,3291.37,0.35233626,0
1506363567,22226864,3291.37,0.14230695,0
1506363567,22226863,3291.37,0.36304984,0
1506363567,22226862,3291.36,0.49464321,0
1506363554,22226854,3286.07,0.59159906,1
1506363553,22226851,3290.00,0.01000000,1
1506363543,22226846,3290.03,0.15080845,1
1506363535,22226843,3291.37,0.13159337,0
1506363535,22226842,3291.37,0.01833242,0
1506363534,22226841,3290.00,0.49464321,0
1506363534,22226840,3290.00,0.35543100,0
1506363527,22226837,3290.00,0.10000000,0
1506363510,22226814,3290.00,0.03921221,0
1506363510,22226812,3290.00,0.07377348,0
1506363509,22226810,3289.99,0.49464321,0
1506363509,22226808,3289.99,0.39237110,0
1506363504,22226807,3289.99,0.01453115,0
1506363483,22226778,3289.99,0.08774096,0
1506363483,22226777,3289.98,0.01834910,0
1506363469,22226770,3289.98,0.49464321,0
1506363469,22226769,3289.98,0.03669820,0
1506363427,22226747,3285.30,0.89624622,1
1506363424,22226745,3285.33,0.02783891,1
1506363384,22226731,3290.00,0.02949457,0
1506363380,22226727,3290.00,0.21167546,0
1506363380,22226726,3289.99,0.03566311,0
1506363377,22226725,3289.99,0.01514333,0
1506363377,22226724,3289.99,0.02258997,0
1506363366,22226719,3291.37,0.02917428,0
1506363361,22226713,3291.37,0.05140772,0
1506363333,22226709,3283.93,0.28500000,1
1506363323,22226706,3291.37,0.39572879,0
1506363322,22226705,3291.36,0.10962800,0
1506363322,22226704,3291.35,0.49464321,0
1506363264,22226646,3291.38,0.04527723,0
1506363252,22226636,3291.38,0.00769560,0
1506363216,22226627,3284.76,0.07020232,1
1506363184,22226614,3291.41,0.30277849,0
1506363176,22226612,3283.80,0.23469891,1
1506363165,22226605,3291.42,0.01172259,0
1506363164,22226604,3291.42,0.02133611,0
1506363164,22226603,3291.41,0.01367405,0
1506363155,22226600,3291.42,0.05915010,0
1506363155,22226599,3291.39,0.52889413,0
1506363155,22226598,3291.36,0.02734538,0
1506363155,22226597,3291.33,0.89837491,0
1506363153,22226594,3291.39,0.00000273,1
1506363152,22226590,3291.39,0.03037927,1
1506363145,22226578,3291.42,0.02363516,0
1506363144,22226577,3291.42,0.21727770,0
1506363139,22226556,3291.41,0.00725000,0
1506363127,22226538,3283.41,0.38602317,0
1506363124,22226534,3291.41,0.02877721,0
1506363121,22226533,3291.38,0.01567462,0
1506363104,22226532,3291.29,0.06995000,0
1506363091,22226531,3291.42,0.27272230,0
1506363084,22226530,3291.83,0.41952657,0
1506363084,22226529,3291.60,0.49000000,0
1506363084,22226528,3291.51,0.09072343,0
1506363083,22226527,3283.60,0.53978714,1
1506363073,22226526,3283.03,0.01262487,1
1506363072,22226525,3283.50,2.00000000,1
1506363072,22226524,3283.50,2.56740000,1
1506363071,22226523,3283.51,0.15418554,1
1506363066,22226518,3283.51,0.03779304,1
1506363026,22226490,3283.10,1.43774492,1
1506363021,22226489,3292.37,0.01453471,0
1506363000,22226480,3292.75,0.03786501,0
1506362943,22226468,3293.67,0.02025000,0
1506362924,22226458,3293.38,0.01600047,0
1506362911,22226450,3282.96,0.00080683,1
1506362911,22226449,3282.99,0.81206212,1
1506362901,22226444,3293.66,0.01710019,0
1506362884,22226440,3293.70,0.01998713,0
1506362875,22226438,3282.51,0.11287872,1
1506362866,22226434,3293.78,0.00000212,1
1506362866,22226433,3293.78,0.14999788,1
1506362857,22226427,3282.34,0.00500000,1
1506362855,22226426,3293.67,0.73161357,0
1506362845,22226423,3293.87,0.30566413,0
1506362824,22226412,3293.28,0.02222876,0
1506362805,22226402,3282.00,0.00644970,1
1506362805,22226401,3282.01,0.05455030,1
1506362793,22226394,3293.78,0.05839960,0
1506362780,22226383,3281.80,0.76525688,1
1506362778,22226382,3282.81,0.13474312,1
1506362765,22226368,3294.76,0.01470171,0
1506362746,22226363,3297.55,0.29422428,0
1506362744,22226362,3297.53,0.02853095,0
1506362704,22226356,3282.60,0.11780683,1
1506362704,22226355,3282.61,0.03555522,1
1506362703,22226354,3284.97,0.06376618,1
1506362703,22226353,3285.00,0.00218972,1
1506362703,22226352,3285.00,0.03039275,1
1506362702,22226351,3286.82,0.04790649,1
1506362702,22226350,3287.07,0.00455117,1
1506362700,22226349,3287.46,0.02783164,1
1506362697,22226343,3287.46,0.02990000,1
1506362683,22226326,3295.00,0.02912641,0
1506362646,22226317,3297.73,0.02824393,0
1506362645,22226316,3296.81,0.03497069,0
1506362614,22226305,3287.46,0.44226836,1
1506362601,22226301,3287.52,0.14127436,1
1506362584,22226290,3288.20,0.06250000,0
1506362566,22226281,3288.24,0.85872564,1
1506362565,22226279,3297.50,0.00873600,0
1506362554,22226278,3288.20,1.49997560,1
1506362554,22226277,3288.45,0.62821492,1
1506362554,22226274,3288.45,0.03750907,1
1506362547,22226272,3297.50,0.00841901,0
1506362537,22226265,3298.15,0.04001454,0
1506362535,22226263,3297.50,0.01969028,0
1506362534,22226262,3297.50,0.00322252,0
1506362533,22226261,3297.50,0.00708720,0
1506362485,22226240,3304.60,0.20750363,0
1506362485,22226239,3303.49,0.27000000,0
1506362485,22226238,3300.00,0.02190847,0
1506362484,22226237,3300.00,0.00145772,0
1506362484,22226236,3298.19,0.29938018,0
1506362483,22226235,3298.25,0.04239431,0
1506362462,22226197,3297.64,0.01463300,0
1506362443,22226187,3288.61,0.11911482,1
1506362425,22226177,3297.81,0.03427816,0
1506362417,22226172,3288.23,0.30365834,0
1506362417,22226171,3288.24,0.28892519,1
1506362405,22226161,3297.93,0.30246245,1
1506362402,22226160,3297.93,0.00560293,0
1506362401,22226157,3297.93,0.00303219,0
1506362382,22226139,3300.00,0.99854228,0
1506362381,22226138,3300.00,0.10000000,0
1506362381,22226137,3300.00,0.55874118,0
1506362381,22226136,3300.00,2.00000000,0
1506362381,22226135,3300.00,2.24296750,0
1506362381,22226134,3299.99,0.30000000,0
1506362381,22226133,3298.00,0.18590591,0
1506362381,22226132,3297.97,0.01087881,0
1506362380,22226131,3297.97,1.00780348,0
1506362343,22226108,3298.00,0.00762502,0
1506362343,22226107,3297.99,0.02175763,0
1506362326,22226103,3288.53,0.03000000,1
1506362281,22226077,3297.99,0.04098455,0
1506362277,22226075,3288.40,0.10984241,1
1506362275,22226074,3288.40,1.24477767,1
1506362275,22226073,3288.40,0.33370172,1
1506362275,22226072,3288.58,0.01516770,1
1506362269,22226067,3298.00,0.12610434,0
1506362267,22226059,3298.00,0.68036473,0
1506362267,22226058,3298.00,0.01990816,1
1506362266,22226056,3297.80,0.92255547,1
1506362265,22226055,3297.55,0.41120973,1
1506362264,22226054,3297.55,0.08449981,0
1506362258,22226048,3288.61,0.04995164,1
1506362232,22226036,3297.99,0.00735074,0
1506362226,22226034,3298.03,0.11329424,0
1506362225,22226031,3288.20,0.14997777,1
1506362224,22226030,3288.20,0.01044356,1
1506362207,22226022,3288.20,0.17597619,1
1506362207,22226021,3288.20,0.01408886,1
1506362202,22226018,3288.20,0.17630437,1
1506362192,22226013,3298.38,0.01410193,0
1506362124,22225983,3288.20,0.25690860,1
1506362120,22225979,3288.30,0.54388816,1
1506362120,22225978,3288.31,0.03953203,1
1506362109,22225967,3293.13,0.58198191,1
1506362107,22225965,3293.04,0.01747929,0
1506362086,22225947,3299.54,0.02279916,0
1506362084,22225944,3299.55,0.00936000,0
1506362005,22225923,3299.62,0.08937683,0
1506361966,22225906,3299.85,0.01518554,0
1506361949,22225901,3292.64,0.33140499,1
1506361928,22225884,3300.00,0.04000000,0
1506361905,22225877,3300.00,0.07264954,0
1506361905,22225876,3299.69,0.02760046,0
1506361904,22225875,3299.69,0.00867265,0
1506361896,22225872,3299.69,0.03627614,0
1506361884,22225862,3299.89,0.00848017,0
1506361881,22225860,3297.76,0.01247851,0
1506361881,22225859,3297.76,0.02728276,0
1506361838,22225832,3297.76,0.02995463,0
1506361834,22225828,3297.76,0.03967293,0
1506361834,22225827,3295.65,0.03000000,0
1506361802,22225759,3295.00,0.00422460,0
1506361802,22225753,3291.83,0.03746402,1
1506361744,22225742,3291.00,0.15482599,1
1506361727,22225733,3299.54,0.02079386,0
1506361725,22225732,3300.00,0.04438296,0
1506361725,22225731,3299.78,0.01990816,0
1506361725,22225730,3299.65,0.02151494,0
1506361723,22225728,3299.61,0.02853164,0
1506361722,22225726,3299.60,0.01692732,0
1506361684,22225702,3299.34,0.01249789,0
1506361658,22225687,3299.47,0.31110269,0
1506361657,22225686,3297.45,0.19588392,1
1506361645,22225678,3297.45,0.10359230,1
1506361645,22225677,3297.45,0.08469227,1
1506361645,22225676,3297.45,0.28399656,1
1506361641,22225672,3299.62,0.01395000,0
1506361633,22225664,3297.45,0.20757562,1
1506361610,22225645,3297.45,0.01843392,1
1506361609,22225644,3299.65,0.00848506,0
1506361607,22225643,3297.45,0.01843395,1
1506361606,22225641,3299.33,0.03000490,0
1506361604,22225639,3297.45,0.29380452,1
1506361544,22225626,3299.67,0.13593419,0
1506361543,22225624,3297.45,0.00999692,1
1506361518,22225598,3299.75,0.07557239,0
1506361510,22225592,3299.58,0.04883347,0
1506361508,22225591,3297.50,0.01163307,0
1506361487,22225566,3297.45,0.07870000,1
1506361473,22225556,3297.50,0.02158458,0
1506361471,22225555,3297.48,0.00302352,0
1506361465,22225552,3297.48,0.02117374,0
1506361463,22225551,3297.45,0.07997371,1
1506361457,22225549,3297.50,0.01615560,0
1506361456,22225548,3297.45,1.65818315,1
1506361455,22225547,3297.50,0.00786353,0
1506361452,22225541,3297.50,0.10025000,0
1506361452,22225538,3297.50,0.05948275,0
1506361404,22225496,3297.48,0.10089800,1
1506361368,22225480,3297.48,0.18896291,1
1506361355,22225466,3297.45,2.66720671,1
1506361354,22225465,3297.48,0.08219453,1
1506361348,22225459,3297.48,0.32196109,1
1506361345,22225454,3297.45,0.01993205,1
1506361334,22225447,3297.50,0.04864257,0
1506361333,22225446,3297.45,0.04873463,1
1506361333,22225444,3297.50,0.02970459,0
1506361329,22225442,3297.49,0.01000000,0
1506361326,22225441,3297.49,0.04864419,0
1506361326,22225440,3297.48,0.04873419,1
1506361310,22225434,3297.43,0.15495396,0
1506361310,22225433,3297.43,0.12596206,0
1506361307,22225432,3297.43,0.00302357,0
1506361265,22225412,3297.50,0.10133239,0
1506361244,22225402,3290.81,0.03242800,1
1506361144,22225323,3288.11,0.22372928,1
1506361144,22225322,3288.15,0.17627072,1
1506361124,22225298,3287.64,0.12898563,1
1506361111,22225277,3299.78,0.16691299,1
1506361111,22225276,3299.78,0.88848464,0
1506361081,22225262,3287.07,0.00980732,1
1506361022,22225215,3302.97,0.03847831,0
1506361000,22225195,3291.20,0.02423400,1
1506360964,22225177,3291.06,0.48221270,1
1506360959,22225171,3291.03,0.25610005,1
1506360958,22225170,3291.38,0.06617125,1
1506360945,22225163,3305.34,0.00848555,0
1506360943,22225161,3305.34,0.02914913,0
1506360940,22225159,3305.35,0.22633472,0
1506360922,22225153,3305.74,0.02853657,0
1506360906,22225147,3305.95,0.00838163,0
1506360895,22225143,3306.01,0.33872235,0
1506360884,22225132,3295.50,0.08113328,0
1506360872,22225121,3285.00,6.20521701,0
1506360870,22225115,3285.00,0.08755708,0
1506360870,22225114,3285.22,1.01715000,1
1506360869,22225113,3290.60,2.56220000,1
1506360869,22225112,3291.00,2.00000000,1
1506360869,22225111,3291.00,3.00000000,1
1506360869,22225110,3291.03,0.12787591,1
1506360866,22225107,3295.50,0.00142599,0
1506360866,22225106,3295.49,0.06105531,0
1506360865,22225104,3295.50,0.01744073,0
1506360852,22225097,3290.36,0.17928299,1
1506360852,22225096,3290.50,11.39000000,1
1506360852,22225095,3290.50,2.56020000,1
1506360852,22225094,3290.51,0.87051701,1
1506360844,22225090,3290.51,0.01649728,1
1506360844,22225089,3290.51,0.02736610,1
1506360843,22225086,3306.65,0.02918934,0
1506360834,22225075,3306.97,0.74656037,0
1506360834,22225074,3306.89,0.32000000,0
1506360834,22225073,3300.07,0.38260042,0
1506360833,22225072,3295.00,0.32632794,0
1506360833,22225071,3295.00,0.46000000,0
1506360833,22225070,3294.89,0.31808784,0
1506360833,22225069,3294.88,0.12211062,0
1506360833,22225068,3290.36,0.74990805,1
1506360832,22225067,3290.36,0.31988408,1
1506360832,22225065,3290.36,0.22052509,1
1506360831,22225064,3290.36,0.83173795,1
1506360826,22225061,3290.50,0.89054671,1
1506360824,22225057,3290.60,0.02952350,1
1506360816,22225043,3290.36,0.26519363,1
1506360815,22225042,3290.37,0.09790593,1
1506360815,22225040,3290.37,0.26209407,1
1506360814,22225033,3290.36,0.02783890,1
1506360811,22225029,3290.60,1.78428797,1
1506360810,22225024,3290.36,0.74990805,1
1506360810,22225023,3290.36,0.06952509,1
1506360810,22225022,3290.37,0.15100000,1
1506360804,22225008,3290.36,0.40876684,1
1506360803,22225007,3294.93,0.02001145,0
1506360796,22224991,3294.95,0.02192478,0
1506360775,22224971,3294.97,0.06337996,0
1506360774,22224970,3294.96,0.24422124,0
1506360745,22224947,3297.15,0.01210136,0
1506360683,22224884,3284.97,0.05941479,1
1506360664,22224865,3298.35,0.24904647,0
1506360644,22224848,3281.42,0.04097260,1
1506360640,22224841,3298.57,0.14600000,0
1506360637,22224839,3281.38,0.42340403,1
1506360635,22224838,3281.41,0.30443074,1
1506360624,22224825,3298.67,0.08007617,0
1506360593,22224792,3281.09,0.30834703,1
1506360586,22224787,3290.76,0.24108107,1
1506360579,22224760,3281.05,0.34351001,1
1506360577,22224754,3281.10,0.63508193,1
1506360573,22224744,3299.45,0.13575467,0
1506360567,22224718,3281.00,3.12500000,1
1506360561,22224686,3279.41,0.03677224,1
1506360551,22224643,3287.00,0.19438400,0
1506360531,22224617,3287.00,0.15173410,0
1506360520,22224611,3275.60,2.22396674,1
1506360520,22224609,3276.23,0.05798461,1
1506360520,22224608,3277.74,0.06000000,1
1506360519,22224606,3278.48,0.02338054,1
1506360519,22224605,3279.45,10.73827115,1
1506360519,22224603,3283.03,0.20222790,1
1506360517,22224601,3283.08,0.30000000,1
1506360514,22224600,3287.00,0.24261383,0
1506360503,22224551,3299.84,0.10533434,0
1506360495,22224532,3283.06,0.10379126,1
1506360493,22224527,3299.89,0.66452089,0
1506360492,22224526,3299.87,0.48848133,0
1506360492,22224525,3299.89,1.72159311,0
1506360492,22224524,3299.86,0.85734857,0
1506360492,22224523,3299.86,0.14265143,0
1506360487,22224519,3299.93,0.22533126,0
1506360487,22224518,3299.93,0.17287933,0
1506360487,22224516,3299.93,0.12414596,0
1506360487,22224514,3290.76,0.00187002,0
1506360486,22224511,3279.46,0.20990890,0
1506360486,22224510,3279.46,0.02515774,0
1506360485,22224507,3283.03,0.07472200,0
1506360485,22224506,3283.03,0.02500000,0
1506360484,22224505,3288.06,0.10349000,1
1506360484,22224503,3290.55,0.06172136,1
1506360483,22224502,3290.55,0.00374004,1
1506360481,22224491,3279.45,1.62172885,1
1506360481,22224488,3280.00,1.06450000,1
1506360481,22224487,3280.00,0.10000000,1
1506360480,22224485,3280.00,1.70456362,1
1506360480,22224483,3283.80,1.89220753,0
1506360480,22224482,3283.80,0.10779247,0
1506360480,22224481,3283.80,0.48720753,0
1506360479,22224480,3280.00,0.16190950,1
1506360479,22224479,3280.98,0.02500000,1
1506360478,22224478,3280.99,0.07000000,1
1506360478,22224477,3283.77,0.11478488,1
1506360478,22224475,3283.80,2.00000000,1
1506360477,22224474,3284.22,0.04608130,1
1506360477,22224471,3285.00,0.00200000,1
1506360477,22224470,3287.00,0.00907059,1
1506360477,22224468,3287.03,0.92804760,0
1506360476,22224465,3289.70,0.20000000,1
1506360476,22224459,3289.77,0.00317037,1
1506360476,22224458,3289.77,0.23979300,0
1506360475,22224454,3290.03,0.03074440,1
1506360475,22224453,3290.22,0.11939836,1
1506360475,22224452,3290.22,0.21500000,1
1506360474,22224450,3290.76,0.05000000,0
1506360471,22224449,3290.21,0.02560164,0
1506360471,22224448,3295.00,0.30273443,1
1506360471,22224447,3295.00,0.00200000,1
1506360470,22224446,3295.38,0.13156723,1
1506360470,22224445,3295.70,0.17644640,1
1506360470,22224444,3295.70,0.23190054,0
1506360468,22224443,3300.00,0.10974976,1
1506360463,22224440,3300.00,0.47968357,1
1506360463,22224439,3300.01,0.43738743,1
1506360457,22224434,3300.07,0.08686030,0
1506360455,22224432,3300.07,0.02097085,0
1506360448,22224416,3300.07,0.00250000,0
1506360425,22224370,3300.02,0.50000000,1
1506360425,22224368,3300.07,0.02073143,0
1506360425,22224367,3300.04,0.00748007,0
1506360404,22224326,3300.01,0.04363957,1
1506360378,22224309,3306.97,0.02983371,0
1506360322,22224268,3300.11,0.60178611,1
1506360307,22224255,3310.01,1.01109679,1
1506360306,22224244,3321.72,3.86062040,0
1506360305,22224241,3320.72,0.05000000,0
1506360305,22224240,3320.72,1.01109365,1
1506360305,22224239,3319.48,0.09916452,0
1506360305,22224238,3316.00,0.01420000,0
1506360304,22224237,3315.93,0.05000000,0
1506360304,22224236,3312.99,0.00799569,0
1506360304,22224235,3312.00,0.05143886,0
1506360303,22224234,3310.00,0.64629000,0
1506360303,22224233,3309.60,4.35750000,0
1506360303,22224231,3309.00,0.09758711,0
1506360302,22224230,3308.89,0.24000000,0
1506360302,22224229,3308.89,0.31781462,1
1506360302,22224228,3306.93,0.31781462,0
1506360300,22224226,3306.90,0.22187446,0
1506360284,22224209,3308.43,0.02509405,0
1506360274,22224207,3309.37,0.05934699,0
1506360273,22224206,3300.01,0.01897300,1
1506360273,22224205,3301.00,0.00600000,1
1506360262,22224198,3309.34,0.00311100,1
1506360244,22224171,3307.29,0.11713647,0
1506360225,22224148,3309.37,0.02876570,0
1506360220,22224143,3310.90,0.14823288,0
1506360217,22224138,3301.01,0.33640626,0
1506360217,22224137,3301.01,0.04164094,1
1506360142,22224081,3312.00,0.00316513,0
1506360142,22224080,3312.00,0.01758487,0
1506360120,22224067,3312.00,0.05288471,0
1506360117,22224066,3301.94,0.15835906,1
1506360109,22224061,3312.99,0.02170792,1
1506360109,22224060,3312.99,0.28160935,0
1506360061,22224035,3312.99,0.05938262,0
1506360048,22224031,3312.99,0.00051233,0
1506360047,22224030,3312.97,0.13948767,0
1506360046,22224028,3312.97,0.04222240,0
1506360034,22224024,3312.91,0.12043792,1
1506360030,22224022,3303.98,0.18238958,1
1506360025,22224021,3312.97,0.18171187,1
1506360022,22224018,3312.97,0.11628813,0
1506360003,22224014,3313.00,0.00259590,0
1506360001,22224012,3312.89,0.05692702,0
1506359937,22223956,3312.97,0.07457765,0
1506359920,22223952,3312.97,0.01000000,0
1506359865,22223934,3315.92,0.01247155,0
1506359859,22223932,3315.93,0.10000000,0
1506359848,22223901,3315.99,0.48893448,0
1506359848,22223900,3315.20,0.29602438,0
1506359848,22223899,3314.91,0.01504114,0
1506359848,22223898,3314.90,0.20000000,0
1506359838,22223894,3314.91,0.01504415,1
1506359825,22223884,3302.41,0.03504395,1
1506359797,22223875,3315.08,0.01000000,0
1506359793,22223873,3302.90,0.05456981,1
1506359793,22223872,3302.91,0.03846957,1
1506359792,22223871,3302.91,0.44632024,1
1506359792,22223870,3302.91,0.07738917,1
1506359782,22223868,3302.92,0.04168779,1
1506359782,22223867,3315.19,0.02500000,0
1506359780,22223866,3302.91,0.38283695,1
1506359770,22223843,3315.99,0.52252264,1
1506359769,22223842,3315.20,0.00565665,0
1506359769,22223840,3315.00,0.05000000,0
1506359768,22223835,3314.81,0.29560669,1
1506359767,22223834,3314.81,0.61716305,1
1506359767,22223833,3314.80,0.01346957,0
1506359766,22223831,3314.84,0.01346957,0
1506359744,22223804,3315.13,0.24000000,0
1506359735,22223797,3313.72,0.01457657,0
1506359735,22223796,3312.99,0.01042343,0
1506359730,22223794,3313.72,0.00150284,0
1506359723,22223789,3313.72,0.02981979,0
1506359721,22223788,3313.75,0.01228834,0
1506359704,22223766,3301.89,0.03166865,1
1506359665,22223738,3314.20,0.02821822,0
1506359595,22223684,3315.21,0.00854335,1
1506359594,22223681,3315.20,0.03025000,1
1506359565,22223667,3301.36,0.37488571,1
1506359544,22223660,3312.00,0.02921239,0
1506359544,22223659,3311.99,0.03313519,0
1506359535,22223656,3301.01,0.24041956,0
1506359535,22223655,3301.01,0.15570608,0
1506359534,22223652,3302.72,0.03553925,1
1506359534,22223651,3302.73,0.03857826,1
1506359532,22223647,3317.96,0.11374395,1
1506359532,22223645,3316.00,0.15483074,0
1506359531,22223644,3316.00,0.15483074,0
1506359531,22223643,3313.00,0.01420946,0
1506359529,22223642,3312.00,0.30510568,0
1506359526,22223639,3302.71,0.62189220,1
1506359512,22223631,3312.00,0.01420946,1
1506359511,22223628,3311.87,0.06627038,0
1506359509,22223627,3311.84,0.70000000,0
1506359479,22223615,3316.96,0.01225218,0
1506359479,22223613,3315.00,0.15483074,0
1506359479,22223612,3315.00,0.15483074,0
1506359478,22223611,3314.00,0.15483074,0
1506359478,22223610,3313.03,0.15079077,0
1506359478,22223609,3313.00,0.14355685,0
1506359476,22223605,3312.00,0.55000000,0
1506359471,22223599,3312.82,0.01825000,0
1506359469,22223598,3312.82,0.04545317,0
1506359468,22223595,3313.00,0.01127389,0
1506359466,22223594,3312.84,0.11402313,0
1506359465,22223593,3312.87,0.01039014,0
1506359436,22223580,3301.87,0.09999708,0
1506359434,22223578,3309.97,0.00000292,1
1506359424,22223567,3316.90,0.03474283,0
1506359424,22223565,3314.00,0.00500000,0
1506359424,22223564,3313.00,0.15483074,0
1506359424,22223563,3312.00,0.09618208,0
1506359405,22223554,3312.00,0.05864866,0
1506359404,22223552,3311.97,0.03098234,0
1506359403,22223551,3310.00,0.11730000,0
1506359327,22223502,3309.97,0.05620000,1
1506359325,22223498,3313.99,0.02818812,0
1506359307,22223460,3312.00,0.02412361,0
1506359305,22223457,3311.94,0.01640756,0
1506359304,22223444,3312.00,0.01260669,0
1506359263,22223344,3309.97,0.15025000,0
1506359247,22223336,3310.00,0.00843141,0
1506359246,22223334,3311.84,0.01184901,0
1506359245,22223333,3311.84,0.01225000,1
1506359244,22223332,3311.84,0.01413721,0
1506359164,22223260,3314.62,0.00862056,0
1506359161,22223257,3300.13,0.49419616,1
1506359151,22223255,3301.00,0.20000000,1
1506359138,22223246,3302.38,0.02505192,1
1506359126,22223244,3304.00,0.04577622,1
1506359125,22223243,3304.00,0.08193880,1
1506359125,22223241,3304.00,0.07228498,1
1506359125,22223240,3304.48,0.00308700,1
1506359123,22223239,3304.48,0.01377021,1
1506359113,22223230,3318.00,0.38341235,0
1506359113,22223227,3317.99,0.20000000,1
1506359113,22223224,3317.00,0.40899437,0
1506359111,22223222,3315.72,0.00759328,0
1506359107,22223217,3315.60,0.01446778,0
1506359106,22223214,3315.61,0.01385000,0
1506359104,22223209,3304.48,0.07946023,1
1506359104,22223208,3304.73,0.02523592,1
1506359092,22223198,3315.72,0.00240672,0
1506359086,22223197,3317.94,0.01725429,0
1506359083,22223195,3318.00,0.00985242,0
1506359057,22223187,3304.72,0.02523592,1
1506359055,22223184,3304.73,0.00870900,1
1506359053,22223181,3304.72,0.00500000,1
1506359041,22223173,3319.82,0.00870900,0
1506359041,22223171,3304.70,0.00965694,1
1506359040,22223170,3304.70,0.09000000,1
1506359037,22223169,3319.80,0.04056232,0
1506359026,22223164,3304.50,0.22955712,1
1506359015,22223156,3304.60,2.55350000,1
1506359015,22223155,3304.61,0.21525072,1
1506359001,22223152,3304.48,0.21755358,1
1506359001,22223151,3304.51,0.72207101,1
1506359001,22223150,3304.51,0.18711055,1
1506358995,22223143,3321.00,4.10051189,1
1506358993,22223141,3320.72,0.10500000,0
1506358984,22223140,3320.71,0.05690880,0
1506358972,22223133,3320.71,0.00320665,0
1506358967,22223130,3320.71,0.03253598,0
1506358967,22223128,3320.00,0.11875133,0
1506358967,22223127,3319.38,0.07500000,0
1506358942,22223099,3319.38,0.02500000,0
1506358925,22223091,3319.67,0.02045000,0
1506358919,22223085,3319.36,0.01516256,0
1506358908,22223082,3302.67,0.09083800,1
1506358886,22223070,3319.54,0.09973828,0
1506358884,22223069,3319.56,0.02045000,0
1506358875,22223059,3320.68,0.09442774,0
1506358875,22223058,3318.89,0.24000000,0
1506358875,22223057,3315.95,0.08288618,0
1506358875,22223056,3315.82,0.01287227,0
1506358874,22223055,3315.81,0.20000000,0
1506358845,22223023,3315.91,0.01755358,0
1506358843,22223021,3301.00,0.03197551,1
1506358843,22223020,3301.37,0.01802449,1
1506358827,22223008,3301.68,15.80963578,0
1506358824,22223005,3301.68,0.00871145,0
1506358805,22222980,3301.68,0.10347145,0
1506358802,22222967,3301.68,0.01459121,0
1506358799,22222966,3301.68,2.55840000,0
1506358793,22222961,3301.68,0.15063349,0
1506358788,22222958,3301.68,0.02760808,0
1506358783,22222949,3301.50,0.01737464,1
1506358777,22222940,3301.68,0.01293483,0
1506358777,22222939,3302.00,0.01293483,1
1506358777,22222938,3302.00,2.00000000,1
1506358776,22222937,3302.01,0.17939630,1
1506358771,22222929,3302.03,0.01514300,1
1506358730,22222902,3312.44,0.00864721,0
1506358728,22222901,3312.44,0.06608137,0
1506358728,22222900,3311.28,0.02100362,0
1506358727,22222899,3311.28,0.00250000,0
1506358726,22222898,3311.28,0.02649638,0
1506358697,22222858,3312.00,0.01055297,0
1506358696,22222857,3312.00,0.02379964,0
1506358696,22222856,3312.00,0.11594268,0
1506358694,22222852,3311.92,0.17699104,0
1506358693,22222850,3312.00,0.36284331,0
1506358693,22222849,3311.98,0.26000000,0
1506358693,22222848,3311.89,0.37715669,0
1506358666,22222800,3300.08,0.09200000,0
1506358664,22222797,3314.36,0.08604642,0
1506358631,22222770,3314.76,0.17939630,0
1506358621,22222755,3314.91,0.01739876,0
1506358621,22222752,3314.78,0.10467320,0
1506358619,22222751,3314.79,0.31859694,0
1506358619,22222750,3314.79,0.02255354,0
1506358610,22222736,3304.30,0.00301447,1
1506358608,22222730,3295.61,0.07997371,1
1506358608,22222729,3295.61,0.07997371,1
1506358608,22222727,3295.61,0.05984658,1
1506358608,22222726,3295.61,0.31367000,0
1506358607,22222724,3295.70,0.31354566,0
1506358607,22222722,3295.70,0.29900000,0
1506358607,22222719,3295.70,1.38745434,0
1506358605,22222718,3303.34,0.07998950,1
1506358605,22222717,3313.00,0.03555616,1
1506358604,22222716,3314.93,0.28062173,0
1506358603,22222714,3295.60,0.53653289,1
1506358603,22222712,3295.60,0.03024245,0
1506358603,22222710,3295.60,0.03555616,0
1506358602,22222708,3295.61,0.11000000,1
1506358602,22222707,3295.61,1.04918070,1
1506358602,22222706,3300.00,0.00200000,1
1506358601,22222705,3300.01,0.54000000,1
1506358601,22222703,3303.33,2.92886092,1
1506358601,22222702,3303.34,0.40762688,1
1506358601,22222701,3303.34,0.06977575,1
1506358599,22222696,3311.78,0.00218972,0
1506358599,22222695,3313.00,0.07111232,1
1506358599,22222693,3303.50,0.23496714,0
1506358598,22222691,3306.39,0.02607603,1
1506358598,22222690,3307.02,0.05000000,1
1506358597,22222689,3307.58,0.22906825,1
1506358597,22222688,3310.00,0.00200000,1
1506358597,22222685,3313.00,0.07322738,1
1506358596,22222683,3313.00,0.05681221,1
1506358595,22222681,3315.21,0.14222464,1
1506358595,22222680,3315.21,0.00314463,1
1506358569,22222616,3320.00,0.30593814,1
1506358568,22222608,3320.00,0.02038980,1
1506358557,22222587,3320.00,0.63000000,1
1506358557,22222586,3320.00,11.28110796,1
1506358549,22222576,3326.90,0.00852231,0
1506358545,22222571,3320.00,0.94889204,1
1506358545,22222570,3320.00,0.04411028,1
1506358545,22222569,3320.15,0.00600876,1
1506358545,22222568,3321.00,0.01000000,1
1506358545,22222567,3321.01,0.00003900,1
1506358540,22222563,3321.01,0.02421268,1
1506358540,22222562,3321.01,0.07327683,1
1506358524,22222472,3327.44,0.00832272,0
1506358481,22222418,3330.58,0.02205050,0
1506358461,22222395,3330.93,0.00839118,0
1506358429,22222378,3331.57,0.12999512,0
1506358407,22222360,3332.06,0.02425168,0
1506358404,22222357,3320.27,0.07508228,1
1506358383,22222347,3320.15,0.00959883,1
1506358369,22222340,3327.33,0.07494598,0
1506358366,22222336,3327.30,0.06214847,0
1506358364,22222333,3320.04,0.12672317,1
1506358352,22222327,3327.71,0.14088621,0
1506358321,22222288,3338.59,0.07061554,0
1506358318,22222287,3338.60,0.00300000,0
1506358291,22222267,3338.90,0.00460952,0
1506358287,22222260,3344.28,0.14425000,0
1506358287,22222259,3339.39,0.19000000,0
1506358285,22222253,3339.01,0.04848143,1
1506358284,22222251,3339.18,0.03190379,0
1506358256,22222230,3339.37,0.01493382,0
1506358228,22222205,3339.36,0.11301513,0
1506358226,22222203,3339.33,0.04343231,0
1506358225,22222199,3324.60,0.02366999,1
1506358216,22222193,3324.89,0.58586117,1
1506358216,22222192,3324.91,0.67962569,1
1506358185,22222164,3339.84,0.05386436,0
1506358171,22222159,3324.61,0.26484000,1
1506358165,22222153,3341.00,0.23178050,1
1506358164,22222150,3341.00,0.03814316,1
1506358164,22222148,3341.00,0.68516014,1
1506358161,22222144,3341.00,0.26000000,1
1506358160,22222143,3340.40,4.80690000,0
1506358160,22222142,3340.38,1.01948920,0
1506358160,22222141,3340.38,0.26000000,0
1506358160,22222140,3340.29,0.01688800,0
1506358160,22222139,3340.28,1.01715000,0
1506358160,22222138,3340.00,2.00000000,0
1506358159,22222137,3340.00,0.20000000,0
1506358159,22222136,3339.99,0.20000000,0
1506358159,22222135,3339.98,2.69948900,0
1506358136,22222110,3340.50,1.35010022,0
1506358134,22222099,3330.00,0.00000075,0
1506358129,22222082,3330.00,0.07391297,1
1506358115,22222057,3330.00,0.03634600,1
1506358110,22222051,3330.00,0.01489253,1
1506358102,22222045,3340.68,0.01401603,0
1506358098,22222042,3340.69,0.00597182,0
1506358097,22222040,3330.00,0.03960000,1
1506358094,22222031,3325.00,0.61726698,1
1506358094,22222030,3325.17,0.02481602,1
1506358094,22222029,3327.00,0.00500000,1
1506358094,22222028,3327.35,0.01409373,1
1506358094,22222026,3331.35,0.01490639,1
1506358093,22222024,3331.35,0.02959373,1
1506358093,22222020,3340.70,0.04776694,0
1506358092,22222013,3331.35,0.00000476,0
1506358086,22222004,3331.35,0.03000000,1
1506358086,22222003,3331.36,0.01816524,1
1506358064,22221981,3341.19,0.02904005,0
1506358032,22221965,3341.39,0.14878885,0
1506358031,22221964,3341.28,0.22120217,0
1506358016,22221955,3341.28,0.29853828,0
1506358003,22221944,3331.36,0.04013571,1
1506357994,22221936,3341.50,0.07462816,0
1506357952,22221910,3331.83,0.02909601,1
1506357947,22221904,3344.62,0.02913962,0
1506357944,22221899,3344.62,0.02916133,0
1506357934,22221889,3344.60,0.04493354,0
1506357929,22221886,3331.93,0.14600000,1
1506357914,22221880,3344.63,0.37407936,0
1506357914,22221879,3344.60,0.13297822,0
1506357911,22221877,3331.91,0.13297822,1
1506357906,22221873,3344.63,0.26923572,0
1506357902,22221864,3344.63,0.00423671,0
1506357902,22221863,3344.63,0.06788785,0
1506357899,22221849,3345.00,0.09094215,1
1506357899,22221848,3345.00,0.04138370,1
1506357899,22221847,3344.66,0.02649321,0
1506357897,22221845,3344.63,0.88500999,0
1506357865,22221799,3340.55,0.04040382,0
1506357843,22221788,3340.52,0.06345943,0
1506357784,22221763,3335.00,0.11044565,0
1506357764,22221753,3335.00,0.02016679,0
1506357749,22221745,3335.00,0.32759673,0
1506357746,22221743,3335.00,0.00464768,0
1506357690,22221722,3327.20,0.02883000,1
1506357672,22221711,3335.00,0.00612670,0
1506357668,22221709,3335.00,1.49551124,0
1506357666,22221708,3335.00,0.14700582,0
1506357652,22221694,3326.75,0.02532400,1
1506357643,22221684,3335.00,0.02821016,0
1506357628,22221668,3326.13,0.10000000,0
1506357621,22221656,3335.00,0.05653107,0
1506357617,22221653,3335.00,0.07399823,0
1506357616,22221652,3335.00,0.11778399,0
1506357605,22221641,3335.00,0.02991004,0
1506357587,22221590,3338.37,0.02190729,0
1506357585,22221577,3338.49,0.11532644,0
1506357583,22221574,3338.48,0.01409373,0
1506357525,22221534,3336.84,0.05464247,0
1506357525,22221533,3336.18,0.01617861,0
1506357520,22221532,3336.19,0.02962329,0
1506357493,22221518,3336.30,0.08838913,0
1506357475,22221499,3325.10,1.38017187,0
1506357474,22221498,3326.19,0.01082813,1
1506357469,22221495,3326.19,0.68917187,0
1506357462,22221484,3325.00,0.13534685,1
1506357461,22221483,3325.03,0.03527991,0
1506357460,22221482,3325.03,0.58883394,1
1506357453,22221474,3326.19,0.27117813,0
1506357444,22221456,3326.19,0.03965000,0
1506357405,22221433,3325.00,0.53433749,1
1506357405,22221432,3325.80,0.51366259,1
1506357405,22221431,3325.81,0.12533592,1
1506357401,22221428,3336.75,0.07473440,0
1506357378,22221400,3326.19,0.20550000,1
1506357372,22221396,3336.87,0.24778106,0
1506357372,22221395,3336.86,0.03235721,0
1506357365,22221383,3330.09,0.25000000,0
1506357325,22221339,3326.36,0.30000000,1
1506357292,22221325,3337.00,0.61567174,0
1506357292,22221324,3336.99,0.06471443,0
1506357291,22221323,3336.99,0.96068993,0
1506357287,22221319,3337.57,0.00860164,0
1506357285,22221317,3337.57,0.02886729,0
1506357284,22221316,3337.57,0.08786699,0
1506357281,22221315,3337.58,0.16467758,1
1506357281,22221314,3337.12,0.12942886,1
1506357279,22221313,3325.31,0.03910358,0
1506357278,22221312,3325.31,0.02063224,1
1506357264,22221299,3337.36,0.02063224,0
1506357260,22221286,3337.43,0.04081405,0
1506357243,22221273,3325.06,0.16112188,1
1506357232,22221258,3325.00,0.72921876,1
1506357231,22221257,3325.01,1.00232648,1
1506357231,22221256,3325.80,0.03994839,1
1506357224,22221254,3337.75,0.02940433,0
1506357202,22221214,3337.80,0.14813011,0
1506357202,22221213,3337.80,0.11887900,0
1506357201,22221212,3337.80,0.00289105,0
1506357201,22221211,3334.00,0.01774119,0
1506357201,22221209,3334.00,1.19683057,0
1506357200,22221208,3333.66,0.30351520,0
1506357200,22221207,3333.60,0.68822294,0
1506357165,22221189,3325.20,0.59124712,1
1506357165,22221188,3325.73,0.11993944,1
1506357164,22221187,3325.73,0.12745531,1
1506357164,22221186,3327.36,0.03999493,1
1506357164,22221185,3331.32,0.00002800,1
1506357157,22221182,3334.00,0.80659568,0
1506357155,22221179,3333.96,0.09097917,0
1506357146,22221173,3333.88,0.00850697,0
1506357144,22221172,3333.91,0.01508911,0
1506357144,22221171,3331.52,0.01311530,0
1506357137,22221167,3327.36,0.04000000,0
1506357129,22221156,3325.10,1.38819856,1
1506357127,22221152,3325.00,0.06123216,1
1506357123,22221147,3325.00,0.02500069,1
1506357123,22221146,3327.36,0.00299637,1
1506357110,22221129,3325.31,0.31800000,1
1506357104,22221128,3325.10,0.10000000,1
1506357103,22221127,3330.20,0.02544677,0
1506357076,22221110,3325.00,2.83259707,1
1506357075,22221109,3325.01,0.56000000,1
1506357075,22221108,3325.02,1.03398680,1
1506357045,22221086,3327.10,0.01277542,0
1506357029,22221073,3325.04,0.01928670,1
1506357026,22221071,3327.10,0.04214515,0
1506357004,22221021,3327.10,0.01276696,0
1506356983,22220981,3325.00,0.06500000,1
1506356983,22220980,3325.03,0.04876940,1
1506356944,22220943,3327.97,0.04236290,0
1506356941,22220935,3328.00,0.01878000,0
1506356938,22220922,3321.13,0.89307468,1
1506356938,22220919,3324.61,0.20000000,1
1506356938,22220917,3327.00,0.05846190,1
1506356924,22220890,3331.00,0.01433890,0
1506356923,22220885,3331.00,0.01493686,0
1506356914,22220878,3327.00,0.00600000,1
1506356885,22220864,3332.83,0.14155318,0
1506356884,22220861,3327.00,0.01870075,1
1506356845,22220844,3332.99,0.06303572,0
1506356842,22220842,3333.00,0.00980483,0
1506356836,22220833,3333.97,0.29892111,0
1506356835,22220832,3327.00,0.11300000,1
1506356834,22220831,3334.00,0.09101557,1
1506356833,22220830,3333.98,0.07373177,0
1506356833,22220829,3333.98,0.01493801,0
1506356832,22220828,3333.96,0.01146296,0
