date,tid,price,amount,type
1506384061,22239404,3924.44,0.00061393,0
1506384061,22239403,3924.40,0.00142000,0
1506384061,22239402,3924.20,0.00142000,0
1506384061,22239401,3924.00,0.00142000,0
1506384061,22239400,3923.00,0.40200000,0
1506384057,22239399,3923.00,0.04800000,0
1506384051,22239398,3922.99,0.34082950,1
1506384044,22239396,3922.99,0.03500668,0
1506384039,22239394,3922.98,1.36374522,1
1506384032,22239393,3922.98,0.52073950,1
1506384029,22239391,3922.98,2.54860000,1
1506384016,22239386,3920.66,0.00640000,1
1506384016,22239385,3920.66,0.01913000,1
1506384014,22239384,3922.40,0.30784600,1
1506384014,22239383,3922.40,0.12095928,1
1506384011,22239382,3922.99,0.00322946,0
1506384008,22239381,3920.66,4.00000000,1
1506384006,22239380,3920.66,0.02211622,0
1506384005,22239377,3920.65,2.28229839,0
1506384001,22239370,3920.66,0.00323091,0
1506383998,22239367,3918.00,0.13811000,1
1506383988,22239364,3920.00,2.00150000,1
1506383985,22239363,3920.00,2.99850000,1
1506383956,22239358,3917.52,0.07660794,1
1506383916,22239351,3915.69,2.50056654,1
1506383916,22239350,3917.45,0.00272586,1
1506383916,22239349,3917.50,0.04543260,1
1506383898,22239346,3920.66,0.15265287,0
1506383889,22239345,3922.45,1.00000000,0
1506383886,22239344,3922.45,1.00000000,0
1506383884,22239343,3922.46,0.87150000,0
1506383884,22239342,3917.48,0.99950000,1
1506383874,22239338,3917.47,0.45000000,1
1506383874,22239337,3917.47,0.03100000,1
1506383873,22239336,3917.47,0.16900000,0
1506383851,22239333,3912.83,0.25856400,1
1506383772,22239328,3911.70,0.00013968,1
1506383772,22239327,3919.46,0.26172932,1
1506383768,22239326,3919.45,0.03827068,0
1506383722,22239321,3919.47,0.20000000,0
1506383722,22239320,3917.21,0.26491409,1
1506383721,22239319,3917.21,0.07811154,1
1506383699,22239316,3919.47,0.00837677,0
1506383671,22239311,3919.46,0.39939755,0
1506383671,22239310,3919.44,0.87150000,0
1506383646,22239306,3922.64,0.03180000,0
1506383637,22239302,3921.95,0.18722526,1
1506383635,22239299,3917.88,0.22800000,0
1506383532,22239294,3921.91,0.00293439,0
1506383532,22239293,3920.59,0.00001331,0
1506383516,22239289,3920.59,0.06664300,0
1506383489,22239283,3920.59,0.01480000,0
1506383446,22239280,3918.25,0.02486250,1
1506383437,22239277,3918.24,0.04120129,1
1506383435,22239275,3920.59,0.01032591,0
1506383418,22239270,3918.21,0.00688700,1
1506383408,22239265,3920.59,0.00391778,0
1506383402,22239264,3918.19,0.00728375,1
1506383398,22239263,3918.16,1.87132915,1
1506383397,22239262,3920.58,0.12867085,1
1506383367,22239259,3920.59,0.01500000,0
1506383341,22239253,3920.58,0.05210013,1
1506383299,22239241,3920.11,0.06118700,1
1506383297,22239240,3920.57,0.03710000,0
1506383294,22239236,3920.59,0.02400000,0
1506383293,22239234,3920.10,0.00142000,0
1506383284,22239233,3920.09,0.24800000,1
1506383276,22239231,3920.08,0.00142000,0
1506383269,22239229,3917.34,2.08390902,0
1506383268,22239228,3920.09,0.46459098,1
1506383265,22239227,3920.09,0.00200000,1
1506383263,22239226,3920.09,0.99950000,1
1506383251,22239209,3917.55,0.89789250,0
1506383251,22239208,3917.44,0.10210750,0
1506383248,22239207,3917.35,1.26031167,0
1506383248,22239206,3916.68,0.18848833,0
1506383248,22239205,3916.67,2.55120000,0
1506383245,22239203,3916.68,0.95068113,0
1506383245,22239202,3915.41,0.01100000,0
1506383245,22239201,3914.52,0.03831887,0
1506383245,22239200,3914.13,4.00000000,0
1506383241,22239198,3910.25,0.02755837,0
1506383236,22239197,3910.13,0.01658000,1
1506383166,22239188,3910.13,0.15578848,1
1506383166,22239187,3910.23,0.00991461,1
1506383152,22239186,3916.68,0.01976114,0
1506383146,22239185,3910.21,0.03630172,1
1506383137,22239181,3916.74,0.24057238,0
1506383137,22239180,3914.28,0.01400000,0
1506383106,22239177,3914.51,0.00424063,0
1506383085,22239175,3914.52,0.02337373,1
1506383084,22239174,3914.52,0.01700000,0
1506383056,22239170,3910.10,0.59904000,1
1506383013,22239168,3914.51,1.44255092,0
1506382932,22239157,3912.31,0.01503319,0
1506382891,22239143,3909.74,0.01600000,0
1506382891,22239142,3909.45,2.55650000,0
1506382879,22239141,3906.83,0.07000000,1
1506382864,22239140,3907.05,2.54730000,0
1506382862,22239139,3908.72,0.01150000,1
1506382861,22239138,3908.73,0.01182276,0
1506382845,22239135,3909.43,0.57944758,0
1506382843,22239134,3904.20,0.00344690,1
1506382841,22239133,3908.74,0.35929760,0
1506382841,22239132,3908.39,0.01900000,0
1506382841,22239131,3907.66,0.03838614,0
1506382841,22239130,3903.41,1.00000000,1
1506382803,22239098,3903.40,0.01326852,1
1506382793,22239096,3906.97,0.09870012,0
1506382790,22239094,3903.40,0.25182177,1
1506382788,22239093,3903.39,1.00000000,1
1506382787,22239092,3903.39,1.00000000,1
1506382785,22239091,3903.39,0.11783149,1
1506382785,22239090,3903.45,0.88216851,1
1506382780,22239089,3904.99,0.01326852,0
1506382780,22239088,3903.37,1.00000000,1
1506382778,22239087,3903.38,0.98079395,1
1506382778,22239086,3904.97,0.01920605,1
1506382776,22239085,3903.38,0.98079395,0
1506382775,22239084,3904.99,0.01920605,1
1506382773,22239082,3905.01,1.00000000,1
1506382771,22239080,3905.01,0.30400000,1
1506382769,22239079,3903.37,0.39000000,1
1506382768,22239078,3903.38,0.16000000,1
1506382768,22239077,3903.45,4.51165242,0
1506382768,22239076,3904.21,0.00205077,1
1506382767,22239075,3904.21,1.98401086,0
1506382767,22239074,3905.00,3.76464533,1
1506382767,22239073,3905.00,7.00000000,0
1506382767,22239072,3905.43,0.01000000,0
1506382765,22239071,3905.80,1.00000000,1
1506382762,22239069,3905.03,0.01783149,0
1506382762,22239066,3905.43,0.03586851,1
1506382762,22239065,3905.74,0.14630000,1
1506382761,22239064,3906.00,0.80000000,1
1506382761,22239063,3906.00,0.20000000,1
1506382761,22239061,3907.00,0.05205078,1
1506382754,22239060,3907.00,0.04794922,1
1506382754,22239059,3909.96,0.00205078,1
1506382748,22239058,3910.00,0.02557545,1
1506382748,22239057,3910.00,0.00203071,1
1506382743,22239056,3911.01,0.10000000,1
1506382738,22239054,3911.00,1.00000000,1
1506382730,22239052,3912.81,0.92569736,1
1506382702,22239049,3912.81,1.00000000,1
1506382702,22239048,3912.82,0.13603884,0
1506382700,22239047,3912.81,1.00000000,1
1506382697,22239046,3912.81,1.00000000,1
1506382690,22239044,3912.82,0.80000000,1
1506382677,22239041,3917.29,0.00006598,1
1506382614,22239019,3917.39,0.49389074,0
1506382611,22239018,3917.29,0.01897050,1
1506382611,22239017,3917.32,0.00002000,1
1506382602,22239013,3917.32,0.02098950,1
1506382564,22239012,3917.32,0.01899050,1
1506382555,22239011,3917.43,0.31540000,0
1506382547,22239005,3917.29,0.06401452,1
1506382526,22238994,3917.29,0.13954900,1
1506382512,22238991,3917.29,0.11500000,1
1506382508,22238989,3917.29,0.02600000,1
1506382468,22238986,3917.44,0.20940939,0
1506382467,22238985,3917.41,0.03829061,0
1506382455,22238983,3917.29,0.00637650,1
1506382454,22238982,3917.29,0.01600000,0
1506382453,22238981,3917.29,0.01000000,0
1506382446,22238980,3917.43,0.01700000,0
1506382397,22238979,3917.44,0.63530508,0
1506382391,22238978,3917.44,0.05511218,0
1506382391,22238977,3915.40,0.02400000,0
1506382386,22238976,3913.06,0.10000000,1
1506382379,22238975,3913.89,0.01069365,0
1506382379,22238974,3913.89,0.00842245,0
1506382378,22238973,3913.00,0.97520034,1
1506382378,22238972,3913.01,0.02479966,1
1506382377,22238971,3912.89,0.93800068,0
1506382376,22238970,3912.97,0.02479966,1
1506382376,22238969,3912.99,0.03719966,1
1506382370,22238966,3913.89,0.01513205,0
1506382370,22238965,3912.89,0.98486795,1
1506382369,22238964,3913.78,0.01513205,1
1506382361,22238963,3917.82,0.02248699,1
1506382359,22238960,3917.82,0.04690000,0
1506382356,22238959,3917.15,1.00000000,1
1506382354,22238955,3917.15,0.96239302,1
1506382354,22238954,3917.81,0.03760698,1
1506382349,22238953,3917.81,0.15170000,1
1506382349,22238952,3917.83,0.01747906,1
1506382346,22238951,3917.82,1.00000000,1
1506382341,22238949,3919.23,2.54900000,1
1506382335,22238948,3922.85,0.00271050,1
1506382330,22238943,3925.00,0.39529383,1
1506382329,22238942,3925.00,1.00000000,1
1506382327,22238941,3925.00,1.00000000,1
1506382276,22238938,3925.00,0.01047220,1
1506382250,22238937,3925.00,1.15836776,1
1506382250,22238936,3925.02,0.02072600,1
1506382230,22238934,3927.50,0.01124476,0
1506382217,22238933,3927.54,0.01913319,0
1506382169,22238927,3927.75,0.01100000,0
1506382162,22238926,3926.00,0.11000000,0
1506382156,22238925,3925.01,0.05049000,1
1506382155,22238924,3925.00,0.94064000,1
1506382124,22238911,3925.00,0.01526621,1
1506382124,22238910,3925.01,0.05673379,1
1506382105,22238905,3925.87,0.04647577,0
1506382095,22238903,3925.00,0.22256000,1
1506382089,22238902,3925.00,0.22240000,0
1506382089,22238901,3922.85,0.03500000,0
1506382028,22238899,3922.48,0.00648032,0
1506381952,22238893,3920.00,0.35400000,0
1506381952,22238892,3920.00,0.25660000,0
1506381948,22238891,3919.99,0.03826540,0
1506381948,22238890,3919.85,0.04159585,0
1506381945,22238889,3919.85,0.00340415,0
1506381874,22238884,3922.37,0.02009929,0
1506381873,22238878,3913.38,0.82032173,1
1506381873,22238876,3918.82,0.15480000,1
1506381873,22238874,3918.89,0.02487827,1
1506381854,22238870,3922.37,0.00827298,0
1506381854,22238869,3921.46,0.01072702,0
1506381802,22238859,3922.04,0.03824540,0
1506381786,22238857,3922.48,0.04500000,0
1506381780,22238855,3922.05,0.04788405,0
1506381780,22238854,3921.99,0.03824589,0
1506381759,22238850,3922.00,0.02240624,0
1506381757,22238849,3922.48,0.80000000,1
1506381723,22238842,3927.32,2.54350000,1
1506381722,22238841,3922.50,1.00000000,1
1506381720,22238839,3926.76,0.01280000,0
1506381714,22238838,3926.76,1.00000000,1
1506381712,22238837,3927.27,2.54210000,1
1506381701,22238836,3927.26,0.05700000,1
1506381676,22238830,3927.02,2.54671160,1
1506381631,22238825,3927.26,0.25446000,1
1506381629,22238824,3927.25,0.21832631,1
1506381623,22238822,3927.27,3.06387342,1
1506381618,22238820,3927.25,0.38860301,1
1506381616,22238818,3927.25,0.37989815,1
1506381616,22238817,3927.97,0.10000000,1
1506381615,22238816,3931.73,0.04000000,0
1506381614,22238813,3927.97,0.01994160,0
1506381614,22238812,3927.25,0.45985614,1
1506381614,22238811,3927.25,0.52507258,1
1506381612,22238808,3927.97,0.01994381,1
1506381609,22238805,3934.16,0.35100400,1
1506381608,22238804,3934.16,0.47611086,1
1506381607,22238801,3931.57,0.17288514,0
1506381606,22238797,3931.57,0.47611207,1
1506381603,22238794,3931.57,0.37332197,0
1506381601,22238792,3931.57,0.42299859,1
1506381600,22238791,3931.57,0.43305230,1
1506381599,22238790,3931.57,0.14394911,0
1506381598,22238789,3931.57,0.02945089,0
1506381593,22238785,3927.96,2.52444998,0
1506381593,22238784,3927.96,0.01815002,0
1506381590,22238783,3927.98,0.05680000,1
1506381589,22238781,3927.98,2.54320000,0
1506381577,22238776,3928.35,0.07774236,0
1506381577,22238775,3928.00,0.43302958,0
1506381574,22238771,3927.25,1.01470241,1
1506381572,22238769,3927.98,0.60000000,0
1506381571,22238768,3924.73,0.83340269,1
1506381569,22238767,3924.73,0.01258452,1
1506381569,22238766,3924.73,0.02222773,1
1506381569,22238765,3924.73,0.03562227,1
1506381569,22238764,3927.05,0.04300000,1
1506381568,22238762,3927.05,0.05700000,0
1506381563,22238756,3924.72,0.74755730,1
1506381563,22238754,3924.72,0.03392804,1
1506381530,22238729,3922.16,0.08600000,1
1506381529,22238728,3928.00,0.06697042,0
1506381522,22238725,3923.88,0.25388753,1
1506381516,22238723,3923.87,0.37533040,1
1506381513,22238720,3927.96,0.25299344,1
1506381510,22238717,3927.96,0.37480779,1
1506381509,22238713,3926.42,0.22000000,0
1506381506,22238705,3922.40,1.93229967,0
1506381504,22238703,3922.43,0.05420000,1
1506381504,22238702,3922.80,0.55910033,1
1506381503,22238700,3922.43,2.54580000,0
1506381486,22238695,3922.40,0.05914700,1
1506381486,22238694,3922.45,2.08875840,1
1506381486,22238693,3923.85,2.46986690,1
1506381485,22238692,3922.69,0.05800000,0
1506381485,22238691,3922.68,0.01300000,0
1506381483,22238689,3922.45,4.00000000,1
1506381482,22238688,3922.45,0.01124160,0
1506381482,22238687,3922.41,1.00000000,0
1506381448,22238684,3922.45,0.00475840,0
1506381448,22238683,3922.43,0.03824160,0
1506381443,22238682,3919.01,0.16893425,1
1506381442,22238681,3922.42,0.25430729,0
1506381437,22238679,3919.01,2.99632253,1
1506381417,22238670,3919.00,0.00807885,1
1506381412,22238669,3922.44,0.08900000,0
1506381376,22238664,3922.44,0.05800000,0
1506381357,22238662,3921.70,0.06188154,1
1506381346,22238659,3921.68,0.35000000,1
1506381337,22238654,3921.65,1.38948896,1
1506381334,22238650,3921.66,0.49937063,1
1506381323,22238644,3919.43,2.54470000,1
1506381323,22238643,3922.47,0.07213363,1
1506381321,22238642,3925.28,0.12326627,0
1506381284,22238625,3925.31,0.02600000,0
1506381284,22238624,3923.79,0.00900000,0
1506381274,22238623,3920.75,1.54730000,0
1506381272,22238622,3920.75,1.00000000,0
1506381272,22238621,3919.74,4.00000000,0
1506381266,22238619,3918.75,0.08900000,0
1506381257,22238618,3916.97,0.03831692,1
1506381250,22238616,3916.46,0.00150000,0
1506381248,22238615,3914.73,0.15506296,0
1506381245,22238614,3914.73,0.14933975,0
1506381212,22238613,3912.82,0.02517672,1
1506381212,22238612,3916.57,0.02324493,1
1506381197,22238608,3918.87,0.00500000,0
1506381195,22238607,3916.56,0.03829892,0
1506381194,22238606,3916.39,1.00000000,1
1506381191,22238605,3916.39,1.00000000,1
1506381189,22238603,3916.39,1.00000000,1
1506381187,22238602,3916.39,1.00000000,1
1506381185,22238601,3914.72,0.70000000,0
1506381184,22238600,3914.72,0.30000000,1
1506381180,22238599,3914.73,0.85506000,0
1506381177,22238598,3914.73,0.14494000,1
1506381174,22238597,3914.73,0.88000000,1
1506381174,22238596,3914.74,0.12000000,1
1506381170,22238594,3914.74,1.00000000,1
1506381169,22238593,3914.74,1.00000000,0
1506381096,22238562,3921.55,0.12606519,1
1506381096,22238559,3921.55,3.47434469,1
1506381095,22238558,3921.61,0.90349826,1
1506381095,22238557,3921.54,0.04888023,1
1506381094,22238555,3921.60,0.02787578,1
1506381092,22238553,3921.60,1.21974827,0
1506381092,22238552,3921.60,0.21715795,0
1506381092,22238551,3921.60,0.02787523,0
1506381077,22238539,3921.58,0.03366789,1
1506381072,22238538,3924.05,1.50010486,1
1506381069,22238537,3922.67,0.13256986,0
1506381069,22238536,3924.45,0.02743014,1
1506381067,22238535,3924.45,0.13429201,1
1506381067,22238534,3924.45,0.63827785,1
1506381049,22238527,3921.54,0.24000000,1
1506381035,22238516,3923.13,0.00294717,0
1506381029,22238514,3918.87,0.07900000,0
1506381029,22238513,3918.80,0.18000000,0
1506381014,22238510,3918.80,0.00600000,0
1506380997,22238502,3918.80,0.03400000,0
1506380986,22238501,3916.59,0.01276715,1
1506380961,22238492,3918.78,0.01100000,0
1506380938,22238488,3916.50,0.01036013,1
1506380926,22238485,3916.48,0.00672950,1
1506380914,22238483,3916.41,0.68243376,1
1506380914,22238482,3916.44,0.01836198,1
1506380893,22238476,3916.41,0.00001522,1
1506380893,22238475,3916.45,1.50301600,1
1506380881,22238451,3918.78,0.03827741,1
1506380878,22238449,3918.78,0.02626001,0
1506380876,22238447,3918.78,0.00947305,0
1506380866,22238446,3916.41,0.00999500,1
1506380856,22238444,3915.01,0.03136592,0
1506380856,22238443,3914.74,0.00549500,1
1506380856,22238442,3915.00,0.00450000,1
1506380822,22238437,3918.78,0.00254416,0
1506380767,22238431,3915.01,0.06024600,1
1506380756,22238429,3920.38,2.54770000,0
1506380755,22238428,3922.06,1.24406526,1
1506380754,22238427,3922.06,1.30203474,1
1506380746,22238425,3922.06,1.09159196,1
1506380739,22238424,3919.60,0.16460000,1
1506380733,22238422,3927.06,2.54920000,1
1506380731,22238420,3919.61,0.07098609,1
1506380727,22238417,3927.89,0.02847553,1
1506380724,22238416,3921.92,1.46510000,0
1506380724,22238415,3920.97,0.98310000,0
1506380718,22238412,3924.21,0.78760000,1
1506380717,22238411,3924.21,1.76420000,1
1506380711,22238406,3924.69,0.44535629,1
1506380710,22238405,3922.05,0.02658880,1
1506380705,22238402,3924.20,2.15683610,1
1506380705,22238401,3924.20,0.27501119,1
1506380705,22238400,3924.68,0.00202304,1
1506380703,22238396,3928.34,0.02961900,0
1506380701,22238393,3922.04,4.65979838,1
1506380700,22238392,3924.19,0.09195656,1
1506380700,22238391,3926.82,0.11855313,1
1506380698,22238387,3926.69,2.55130000,0
1506380695,22238385,3927.05,0.18956554,1
1506380693,22238383,3927.05,0.11989010,1
1506380691,22238382,3927.05,0.24548606,1
1506380691,22238381,3927.05,0.17720503,1
1506380689,22238380,3924.68,0.26785327,0
1506380689,22238379,3924.67,0.22000000,1
1506380687,22238378,3926.79,1.00000000,0
1506380684,22238377,3926.84,1.00000000,0
1506380683,22238374,3924.67,1.54610000,1
1506380683,22238373,3926.84,1.00000000,1
1506380681,22238372,3924.67,0.26230364,1
1506380679,22238368,3926.85,0.14100000,0
1506380677,22238367,3924.18,0.15266328,1
1506380676,22238365,3924.18,0.01738615,1
1506380671,22238363,3922.75,1.00000000,0
1506380669,22238359,3923.42,0.76300000,1
1506380669,22238358,3923.42,0.22000000,1
1506380667,22238357,3923.42,0.01700000,0
1506380667,22238356,3921.24,0.16927713,1
1506380663,22238355,3920.20,0.14740000,0
1506380663,22238354,3919.75,0.12000000,0
1506380659,22238353,3919.67,0.22000000,0
1506380647,22238351,3919.20,0.02485602,1
1506380640,22238339,3919.50,0.14496493,0
1506380636,22238338,3919.20,0.10529085,1
1506380629,22238335,3917.17,0.20000000,0
1506380628,22238334,3919.37,1.00000000,0
1506380626,22238333,3919.38,1.00000000,1
1506380624,22238331,3919.40,4.00000000,0
1506380624,22238330,3919.38,2.55390000,0
1506380622,22238325,3919.18,0.79999643,1
1506380620,22238324,3919.18,0.20000000,0
1506380618,22238323,3916.09,0.01999000,1
1506380614,22238322,3916.07,1.41731640,0
1506380613,22238321,3916.27,0.97500461,1
1506380611,22238320,3916.27,0.02800000,0
1506380611,22238319,3915.73,0.11900000,0
1506380611,22238318,3915.00,0.87799539,0
1506380605,22238317,3913.67,0.01999000,1
1506380599,22238315,3915.00,1.00000000,0
1506380593,22238314,3913.63,0.00999500,1
1506380582,22238311,3913.64,0.00999500,1
1506380581,22238310,3913.64,0.07772661,1
1506380580,22238309,3913.63,0.14697442,1
1506380575,22238306,3915.00,0.47820000,0
1506380574,22238305,3914.60,2.00000000,0
1506380572,22238304,3914.59,1.00000000,0
1506380570,22238302,3914.59,1.00000000,0
1506380568,22238301,3914.60,1.00000000,0
1506380564,22238300,3914.97,1.00000000,1
1506380560,22238299,3914.99,0.96168553,0
1506380560,22238298,3914.97,0.03831447,0
1506380517,22238292,3915.00,1.64380461,0
1506380517,22238291,3914.77,0.16657877,0
1506380517,22238290,3914.75,0.03831662,0
1506380509,22238288,3914.74,1.00000000,0
1506380506,22238286,3912.82,0.03227309,1
1506380506,22238285,3914.75,0.01000000,1
1506380478,22238281,3914.76,0.09730000,0
1506380478,22238280,3914.76,1.23110000,0
1506380475,22238279,3912.82,0.02830853,1
1506380475,22238278,3912.83,0.00000046,1
1506380474,22238277,3914.77,0.02542123,0
1506380471,22238276,3912.83,0.10915754,0
1506380466,22238275,3912.83,0.05084246,0
1506380464,22238272,3912.81,0.98722200,1
1506380464,22238271,3912.82,0.01277800,1
1506380461,22238270,3912.81,1.00000000,1
1506380456,22238265,3912.82,1.00000000,1
1506380454,22238264,3912.81,1.00000000,1
1506380452,22238263,3912.82,1.00000000,1
1506380448,22238262,3912.81,1.00000000,1
1506380438,22238259,3912.83,0.65021760,0
1506380438,22238258,3912.83,0.87150000,1
1506380435,22238257,3915.71,0.00204079,1
1506380426,22238256,3916.00,1.00000000,1
1506380416,22238254,3916.56,0.74255836,1
1506380416,22238253,3916.57,0.13555439,1
1506380412,22238250,3916.59,0.18326657,1
1506380409,22238248,3916.57,0.04400000,1
1506380409,22238247,3916.58,0.00500000,1
1506380409,22238244,3916.57,0.74340798,1
1506380398,22238232,3921.27,0.39679089,1
1506380395,22238231,3916.57,1.00000000,1
1506380394,22238230,3918.55,2.54460000,0
1506380393,22238229,3919.71,2.54540000,0
1506380392,22238228,3916.60,1.09300000,1
1506380391,22238227,3916.60,1.00000000,1
1506380389,22238226,3916.56,1.13690000,1
1506380389,22238225,3918.02,0.16310000,1
1506380387,22238224,3920.00,0.00202553,1
1506380387,22238222,3920.00,0.01300000,1
1506380381,22238215,3920.01,1.00000000,1
1506380378,22238213,3923.49,0.54690000,1
1506380378,22238212,3923.49,1.00000000,1
1506380377,22238211,3923.42,1.00000000,0
1506380375,22238208,3923.39,2.54610000,0
1506380368,22238206,3923.42,1.00000000,1
1506380366,22238205,3921.00,1.00000000,1
1506380364,22238204,3923.40,1.00000000,1
1506380360,22238200,3921.27,1.00000000,1
1506380359,22238196,3921.26,1.00000000,0
1506380348,22238191,3923.48,0.41240915,1
1506380348,22238190,3923.48,0.03741048,1
1506380337,22238188,3923.48,0.01120999,1
1506380326,22238180,3923.48,0.00912000,1
1506380318,22238179,3928.98,1.00000000,0
1506380315,22238177,3929.00,1.00000000,0
1506380313,22238176,3923.47,0.94538904,0
1506380313,22238175,3923.37,0.19977345,1
1506380311,22238173,3928.98,0.03819895,0
1506380310,22238171,3927.07,0.96180105,0
1506380310,22238170,3923.47,0.55476563,1
1506380309,22238166,3927.07,0.20000000,1
1506380308,22238162,3927.07,0.03819755,0
1506380307,22238160,3927.07,0.74780067,1
1506380306,22238159,3927.07,0.03819933,1
1506380305,22238158,3927.07,0.21400000,0
1506380298,22238152,3926.78,0.07220284,1
1506380297,22238151,3926.78,0.17048400,0
1506380289,22238147,3923.39,0.18135042,1
1506380289,22238146,3923.46,0.01864958,1
1506380283,22238145,3926.78,0.02951600,0
1506380272,22238139,3923.39,2.06543525,1
1506380270,22238137,3923.39,0.02347804,1
1506380270,22238132,3923.39,0.05213884,1
1506380270,22238130,3923.39,0.07225840,1
1506380264,22238128,3923.37,0.13826117,1
1506380264,22238127,3923.42,0.02671175,1
1506380259,22238123,3923.44,0.93548738,1
1506380259,22238122,3928.35,0.00000254,1
1506380255,22238116,3928.35,0.21229015,1
1506380253,22238111,3928.35,0.78770731,1
1506380251,22238107,3928.35,0.61699696,1
1506380250,22238106,3928.35,0.18300000,0
1506380249,22238104,3928.33,0.20000000,0
1506380248,22238103,3928.26,0.03331226,1
1506380245,22238102,3928.26,0.14861998,0
1506380242,22238101,3923.42,0.46296271,1
1506380240,22238098,3923.42,0.88700720,1
1506380236,22238077,3923.41,0.25019249,1
1506380236,22238076,3923.41,0.15159040,1
1506380230,22238072,3929.41,0.03138002,1
1506380229,22238068,3929.41,0.23806500,1
1506380228,22238066,3930.05,0.00000128,1
1506380227,22238063,3930.05,0.15120419,1
1506380226,22238060,3930.05,0.10385784,1
1506380222,22238054,3929.41,0.73055498,0
1506380220,22238053,3929.41,0.01989473,1
1506380220,22238052,3929.41,0.18000000,0
1506380220,22238051,3929.40,0.03137630,0
1506380219,22238050,3929.40,0.00679494,0
1506380219,22238048,3929.40,0.03137883,1
1506380217,22238043,3929.40,0.96862117,0
1506380215,22238041,3929.40,0.03137749,0
1506380214,22238040,3923.37,0.73088893,1
1506380214,22238039,3929.40,0.00679628,0
1506380209,22238037,3923.37,3.12484000,1
1506380209,22238035,3923.37,0.10550114,1
1506380208,22238034,3923.37,1.50286190,1
1506380198,22238030,3928.05,2.54670000,0
1506380196,22238029,3925.01,0.07498199,1
1506380188,22238026,3926.17,5.00000000,1
1506380187,22238025,3928.90,1.60674912,1
1506380183,22238023,3928.05,1.54290000,0
1506380182,22238022,3928.05,1.00000000,0
1506380180,22238020,3926.18,0.14531419,1
1506380170,22238019,3929.64,0.22700000,1
1506380169,22238018,3929.64,0.18000000,1
1506380168,22238017,3928.05,2.50575907,0
1506380168,22238016,3929.63,0.03864093,1
1506380166,22238015,3932.56,0.08309533,1
1506380165,22238014,3932.56,0.91690467,1
1506380164,22238012,3929.63,0.01389699,1
1506380162,22238009,3932.56,0.13850000,0
1506380160,22238008,3926.59,0.17875991,1
1506380160,22238007,3926.59,0.28689788,1
1506380157,22238006,3926.59,1.00000000,0
1506380157,22238005,3926.20,0.45800000,1
1506380156,22238004,3931.00,0.54437936,1
1506380155,22238003,3929.62,0.45135917,0
1506380155,22238001,3929.62,0.00426147,0
1506380153,22237996,3931.00,0.20602859,1
1506380153,22237995,3931.00,0.34288449,0
1506380153,22237993,3929.93,0.45108692,0
1506380152,22237991,3929.62,2.54660000,1
1506380150,22237988,3931.00,0.35711551,0
1506380150,22237987,3930.98,0.64288449,0
1506380150,22237986,3930.98,0.22861551,0
1506380149,22237982,3929.93,0.18000000,1
1506380144,22237979,3926.19,0.91690701,1
1506380143,22237978,3926.19,0.12650347,1
1506380143,22237977,3926.19,0.87239358,1
1506380143,22237976,3929.61,0.35715848,1
1506380142,22237972,3929.61,0.46284152,1
1506380142,22237970,3929.61,0.18000000,0
1506380141,22237968,3928.04,0.99980000,1
1506380141,22237967,3928.04,1.54510000,1
1506380138,22237961,3926.18,0.33057762,1
1506380138,22237960,3928.04,0.32821788,1
1506380137,22237958,3928.04,0.67178212,1
1506380134,22237956,3928.04,1.00000000,0
1506380131,22237949,3926.17,0.76911852,1
1506380129,22237942,3924.99,2.00000000,1
1506380129,22237940,3924.99,0.20054696,1
1506380129,22237938,3925.89,0.39476922,1
1506380128,22237937,3925.89,0.32323078,1
1506380127,22237935,3925.89,0.28200000,0
1506380127,22237934,3925.26,1.00000018,1
1506380126,22237933,3924.99,3.99999982,0
1506380125,22237932,3925.00,0.00000018,1
1506380124,22237931,3925.00,4.00000000,1
1506380123,22237930,3925.00,2.00000000,0
1506380123,22237929,3925.00,1.93313082,0
1506380122,22237928,3924.48,0.07609055,1
1506380122,22237927,3924.48,0.12129837,1
1506380122,22237926,3924.48,0.17815875,1
1506380120,22237924,3921.21,0.39641509,1
1506380120,22237923,3921.46,0.00204080,1
1506380120,22237922,3922.00,0.38769312,1
1506380120,22237921,3924.48,0.98519972,1
1506380119,22237920,3924.48,0.01480028,1
1506380117,22237912,3922.00,0.61230688,1
1506380117,22237911,3924.48,0.38769058,1
1506380116,22237909,3924.48,0.25053117,0
1506380116,22237907,3922.89,0.36177825,0
1506380115,22237906,3922.89,0.10832510,0
1506380115,22237903,3922.89,0.11733857,1
1506380115,22237902,3922.89,4.02921730,1
1506380114,22237900,3924.48,0.71986491,1
1506380113,22237898,3922.90,0.28013509,0
1506380113,22237895,3922.89,0.37579305,1
1506380113,22237894,3922.90,0.07678758,1
1506380113,22237892,3922.90,0.29493537,1
1506380108,22237883,3924.49,0.10832510,0
1506380106,22237878,3922.90,0.46534709,1
1506380106,22237876,3922.90,1.03239127,1
1506380103,22237868,3923.97,0.94184604,1
1506380103,22237867,3923.97,0.01355786,1
1506380103,22237866,3923.97,0.00636941,1
1506380102,22237865,3923.96,0.03822669,0
1506380098,22237864,3922.90,0.01426241,0
1506380094,22237860,3925.00,0.06686918,0
1506380094,22237859,3924.02,0.00344644,0
1506380093,22237858,3923.98,0.03822649,0
1506380087,22237851,3922.90,0.01305003,1
1506380085,22237850,3922.89,2.00000000,1
1506380081,22237847,3922.90,0.29960300,1
1506380081,22237846,3922.90,1.09707538,1
1506380081,22237845,3922.90,0.53610706,1
1506380079,22237840,3922.90,0.22203982,1
1506380078,22237838,3922.89,1.04221200,1
1506380078,22237837,3922.89,0.06696663,1
1506380071,22237832,3922.89,0.01159712,1
1506380069,22237831,3922.89,0.30000000,1
1506380057,22237827,3922.90,0.02518857,1
1506380053,22237826,3922.89,1.25400828,1
1506380018,22237808,3922.89,4.12974075,1
1506380018,22237807,3922.90,0.00497410,1
1506380018,22237806,3922.91,0.86428515,1
1506380018,22237805,3922.94,4.00000000,1
1506380018,22237804,3922.97,1.00000000,1
1506379985,22237798,3922.89,0.21152263,1
1506379984,22237795,3922.89,0.01417323,1
1506379983,22237790,3925.00,0.86428515,1
1506379983,22237788,3925.00,0.09749800,0
1506379983,22237787,3924.97,0.03821685,0
1506379965,22237783,3922.89,1.00000000,1
1506379963,22237782,3922.89,1.00000000,1
1506379960,22237780,3922.89,1.00000000,1
1506379958,22237779,3922.89,1.00000000,1
1506379956,22237778,3922.89,1.00000000,1
1506379954,22237777,3922.89,0.87735348,1
1506379953,22237776,3928.05,0.12264652,1
1506379953,22237775,3928.04,0.87150000,0
1506379953,22237774,3928.00,0.03585348,0
1506379953,22237773,3927.82,0.97000000,0
1506379931,22237772,3922.89,16.85356000,1
1506379927,22237771,3922.89,0.01340000,1
1506379911,22237769,3922.89,0.02034600,1
1506379904,22237767,3922.89,4.22989808,1
1506379902,22237766,3922.89,1.00000000,1
1506379899,22237752,3922.89,1.00000000,1
1506379897,22237744,3922.89,1.00000000,1
1506379893,22237735,3922.90,0.15309777,0
1506379880,22237734,3928.57,0.03000000,0
1506379879,22237733,3922.90,1.00000000,1
1506379850,22237725,3928.83,0.07682220,0
1506379846,22237724,3922.91,0.02646984,1
1506379846,22237723,3922.91,0.02532354,1
1506379846,22237722,3926.07,0.02617679,1
1506379838,22237720,3928.95,0.00250200,0
1506379802,22237710,3928.97,0.07400000,0
1506379769,22237702,3926.56,0.09819155,1
1506379769,22237701,3927.57,0.06180845,1
1506379767,22237700,3927.57,0.03819155,0
1506379749,22237699,3927.58,0.01793933,0
1506379732,22237698,3925.09,1.00000000,1
1506379726,22237693,3922.89,3.72355283,1
1506379725,22237692,3922.90,0.40135225,1
1506379725,22237691,3923.00,1.00000000,1
1506379725,22237690,3923.02,0.87150000,1
1506379725,22237689,3925.17,0.13910000,1
1506379725,22237688,3926.00,1.00000000,1
1506379725,22237687,3926.00,0.03677119,1
1506379725,22237686,3926.01,0.00272373,1
1506379724,22237685,3927.22,0.00204081,1
1506379717,22237682,3928.23,0.09415952,1
1506379715,22237675,3928.23,1.00000000,1
1506379715,22237674,3928.24,0.01995156,0
1506379712,22237671,3928.23,1.00000000,1
1506379705,22237670,3928.24,0.02526261,1
1506379667,22237664,3931.10,0.00380792,0
1506379666,22237663,3928.23,0.12040000,1
1506379639,22237658,3931.11,0.02110471,0
1506379639,22237657,3931.10,0.03815726,0
1506379625,22237655,3931.11,0.05926197,0
1506379623,22237648,3928.23,0.22408346,1
1506379623,22237647,3928.25,0.87150000,1
1506379623,22237646,3928.31,0.11927249,1
1506379615,22237645,3931.11,0.05926197,0
1506379614,22237642,3928.15,1.24158440,0
1506379611,22237641,3928.18,0.00606876,1
1506379595,22237638,3933.37,0.06725630,0
1506379595,22237637,3930.41,0.05704983,0
1506379593,22237635,3930.40,0.03816405,0
1506379583,22237633,3930.41,0.07464118,0
1506379577,22237591,3930.41,0.02830899,0
1506379545,22237588,3935.02,0.00129487,0
1506379528,22237583,3927.39,0.06923154,0
1506379527,22237582,3927.40,0.76482957,1
1506379516,22237581,3932.15,0.00916802,0
1506379516,22237579,3934.78,0.00029348,1
1506379508,22237576,3934.78,0.17491250,1
1506379495,22237571,3934.78,0.01999000,1
1506379493,22237570,3936.08,0.13580000,1
1506379493,22237569,3936.09,0.01994543,1
1506379484,22237568,3939.00,0.60837918,1
1506379484,22237567,3939.00,0.01999000,1
1506379482,22237566,3938.93,0.06477325,0
1506379482,22237565,3936.51,0.30685757,0
1506379443,22237559,3938.98,0.05891880,0
1506379430,22237558,3939.02,0.01767749,0
1506379423,22237557,3939.00,0.00999747,0
1506379407,22237553,3939.01,0.00380912,0
1506379404,22237552,3936.54,1.00000000,1
1506379398,22237550,3939.01,0.01666415,0
1506379332,22237534,3939.02,0.01122360,0
1506379330,22237531,3936.42,0.00776353,1
1506379328,22237530,3936.40,0.25071258,1
1506379325,22237528,3939.02,0.05784061,0
1506379325,22237527,3939.01,0.00873363,0
1506379324,22237526,3939.01,0.02934700,0
1506379223,22237467,3944.28,0.00043389,1
1506379219,22237466,3944.28,0.00206611,0
1506379203,22237462,3940.27,0.21187883,0
1506379203,22237461,3941.36,0.14310000,1
1506379201,22237459,3943.00,0.96951050,1
1506379173,22237455,3943.01,0.00342885,1
1506379164,22237454,3944.28,0.00379120,0
1506379156,22237453,3943.01,0.01676000,1
1506379132,22237451,3943.01,0.01359477,1
1506379129,22237450,3943.00,0.01000000,1
1506379103,22237448,3943.01,0.74962500,1
1506379074,22237447,3943.01,0.71964000,1
1506379063,22237441,3944.27,0.01516474,0
1506379061,22237440,3944.27,0.25000000,0
1506379058,22237439,3944.28,0.00244269,0
1506379043,22237438,3943.01,0.04888544,1
1506379026,22237436,3943.02,0.02235286,1
1506379021,22237434,3943.01,0.09095450,1
1506378998,22237432,3943.01,0.03178037,1
1506378996,22237427,3943.01,0.86249483,1
1506378984,22237424,3943.00,1.02048950,1
1506378982,22237422,3945.53,0.37609534,0
1506378975,22237419,3943.01,1.51105044,1
1506378945,22237400,3945.70,2.46800000,1
1506378940,22237398,3945.71,0.01435030,1
1506378938,22237396,3945.39,2.47948536,0
1506378935,22237393,3945.70,0.05251464,1
1506378931,22237390,3945.69,0.00787758,1
1506378931,22237389,3945.69,0.18259560,1
1506378918,22237383,3945.69,3.81347539,1
1506378918,22237382,3947.43,0.68729542,1
1506378917,22237381,3947.43,0.19743253,0
1506378917,22237380,3947.23,0.11527205,0
1506378916,22237379,3945.68,0.05000000,1
1506378913,22237378,3945.67,1.42146182,1
1506378913,22237377,3946.88,0.00004177,1
1506378913,22237376,3946.88,0.16000000,0
1506378912,22237374,3946.50,0.38155823,0
1506378912,22237373,3946.08,0.04800000,0
1506378909,22237371,3945.67,0.64667199,1
1506378908,22237368,3945.67,0.00853998,1
1506378907,22237366,3945.35,0.07601075,0
1506378903,22237362,3945.06,0.01747868,0
1506378903,22237361,3945.04,0.03802243,0
1506378891,22237359,3942.53,0.03303324,1
1506378890,22237358,3943.14,0.02852896,1
1506378852,22237347,3943.12,0.54392845,1
1506378843,22237335,3945.06,0.02203700,0
1506378809,22237325,3943.10,1.39745717,1
1506378790,22237323,3943.05,0.16000000,1
1506378789,22237322,3943.05,0.04000806,1
1506378778,22237321,3944.01,0.19297700,0
1506378775,22237319,3944.01,0.00127000,0
1506378772,22237318,3941.28,0.01106571,0
1506378770,22237315,3941.28,0.14893429,0
1506378769,22237314,3940.18,0.01000000,1
1506378759,22237313,3940.15,0.02913709,1
1506378730,22237306,3938.54,0.04687366,1
1506378723,22237304,3944.01,0.00575300,0
1506378717,22237300,3938.50,0.02427538,1
1506378710,22237296,3938.08,0.14000000,1
1506378708,22237294,3938.08,0.68554080,1
1506378708,22237293,3938.09,0.01295920,1
1506378705,22237290,3945.06,0.00748432,0
1506378688,22237285,3938.08,0.14000000,1
1506378680,22237281,3941.23,0.02679384,0
1506378669,22237280,3938.47,0.14000000,1
1506378667,22237279,3938.47,0.05100000,1
1506378666,22237278,3938.47,0.71478519,0
1506378665,22237277,3937.21,0.14000000,0
1506378648,22237265,3946.30,0.47166966,1
1506378647,22237264,3945.62,0.09300000,0
1506378647,22237263,3943.15,0.18004304,0
1506378647,22237262,3943.15,1.00000000,1
1506378647,22237261,3942.78,0.48334264,0
1506378646,22237260,3940.00,0.40528584,0
1506378646,22237259,3938.48,0.08500000,0
1506378644,22237258,3938.47,0.03808586,0
1506378604,22237246,3933.41,0.39000000,0
1506378568,22237241,3935.05,0.06320258,0
1506378567,22237240,3935.09,0.06945691,1
1506378530,22237233,3942.78,0.55313251,0
1506378530,22237232,3942.69,0.03804509,1
1506378526,22237231,3935.05,0.01053302,1
1506378526,22237230,3935.05,0.00559000,1
1506378496,22237227,3936.00,0.11820570,1
1506378496,22237226,3936.90,0.00242163,1
1506378485,22237221,3937.15,1.00000000,1
1506378472,22237219,3942.78,0.00378985,0
1506378470,22237215,3941.01,0.02228871,1
1506378468,22237213,3942.78,0.06350000,0
1506378467,22237212,3941.01,0.02514600,1
1506378457,22237209,3937.11,0.05963829,1
1506378449,22237204,3942.77,1.00000000,0
1506378441,22237202,3939.05,0.15830000,0
1506378441,22237201,3939.04,0.43495979,0
1506378438,22237200,3939.04,1.00000000,0
1506378434,22237192,3937.58,1.00000000,1
1506378432,22237186,3937.58,0.11300000,0
1506378423,22237184,3936.71,0.00685811,0
1506378421,22237183,3936.58,0.01032264,1
1506378418,22237182,3936.58,0.11900000,0
1506378416,22237180,3934.64,1.00000000,0
1506378409,22237179,3934.65,0.81895488,0
1506378407,22237178,3934.49,0.82000000,0
1506378407,22237177,3931.83,2.54230000,1
1506378405,22237175,3932.56,0.01025114,0
1506378401,22237173,3932.48,3.00000000,0
1506378400,22237172,3932.48,1.00000000,0
1506378400,22237171,3931.52,4.00000000,0
1506378395,22237170,3934.65,0.02104512,0
1506378395,22237169,3931.54,0.03815299,0
1506378390,22237167,3929.99,0.61844177,0
1506378388,22237165,3929.99,0.38155823,1
1506378385,22237164,3934.60,0.02959905,0
1506378380,22237163,3930.00,0.29000000,1
1506378373,22237161,3933.41,0.05290000,1
1506378371,22237160,3933.41,1.00000000,1
1506378368,22237158,3931.56,0.97100000,0
1506378368,22237157,3934.60,0.02900000,1
1506378360,22237156,3934.61,0.16420000,1
1506378337,22237134,3934.67,0.16000000,1
1506378291,22237104,3940.67,0.02044105,0
1506378291,22237103,3940.50,0.03806624,0
1506378245,22237097,3940.55,0.03320000,0
1506378215,22237088,3940.58,0.01032264,0
1506378179,22237082,3942.78,0.06656762,0
1506378133,22237076,3940.02,1.76862188,1
1506378131,22237075,3936.10,1.00000000,1
1506378128,22237073,3936.01,1.00000000,1
1506378126,22237068,3936.00,1.00000000,1
1506378123,22237067,3943.10,0.00416600,0
1506378113,22237062,3936.12,0.12850000,0
1506378113,22237060,3936.15,0.87150000,1
1506378112,22237059,3940.06,2.53630000,1
1506378102,22237055,3940.01,2.53130000,1
1506378085,22237049,3939.00,0.01094858,1
1506378085,22237048,3939.00,0.01025761,1
1506378085,22237047,3939.00,0.00816348,1
1506378084,22237046,3939.00,0.00366305,1
1506378084,22237045,3939.00,0.00300056,1
1506378084,22237044,3939.00,0.01921065,1
1506378084,22237043,3939.00,0.00916877,1
1506378084,22237042,3939.00,0.00921578,1
1506378084,22237041,3939.00,0.12409740,1
1506378084,22237040,3939.00,0.01862150,1
1506378084,22237039,3939.00,0.03455677,1
1506378084,22237038,3939.00,0.00952392,1
1506378083,22237037,3939.00,0.04422469,1
1506378083,22237036,3939.00,0.03147481,1
1506378083,22237035,3939.00,0.03985885,1
1506378083,22237034,3939.00,0.01542886,1
1506378083,22237033,3939.00,0.00187867,1
1506378083,22237032,3939.00,0.25131084,1
1506378083,22237031,3940.00,0.66704765,1
1506378083,22237030,3940.00,0.05882852,1
1506378083,22237029,3940.00,0.01831336,1
1506378083,22237028,3940.00,0.56623521,1
1506378082,22237027,3940.00,0.04764165,1
1506378082,22237026,3940.00,0.00877170,1
1506378082,22237025,3940.00,0.00647501,1
1506378082,22237024,3940.00,0.00971467,1
1506378082,22237023,3940.00,0.03825474,1
1506378082,22237022,3940.00,0.00470944,1
1506378082,22237021,3940.00,0.01741902,1
1506378082,22237020,3940.00,0.19239612,1
1506378082,22237019,3940.00,0.00460171,1
1506378081,22237018,3940.00,0.01889767,1
1506378081,22237017,3940.00,0.02127362,1
1506378081,22237016,3940.00,0.01509788,1
1506378081,22237015,3940.00,0.06224146,1
1506378081,22237014,3940.00,0.74848978,1
1506378081,22237013,3940.00,0.01715951,1
1506378081,22237012,3940.00,0.06611781,1
1506378081,22237011,3940.00,0.00872576,1
1506378080,22237010,3940.00,0.00525641,1
1506378080,22237009,3940.00,0.00879158,1
1506378080,22237008,3940.00,0.00298363,1
1506378080,22237006,3940.00,0.03712533,1
1506378080,22237005,3940.00,1.29142253,1
1506378080,22237004,3940.00,0.01898418,1
1506378080,22237003,3940.00,0.00769173,1
1506378080,22237002,3940.00,0.00397656,1
1506378077,22237000,3940.00,0.02535576,1
1506378077,22236999,3940.03,0.41652522,1
1506378062,22236992,3940.02,0.02328790,1
1506377973,22236971,3941.65,0.03460565,1
1506377962,22236967,3944.27,0.00219120,1
1506377944,22236940,3947.30,0.07080900,1
1506377937,22236934,3947.30,0.25397000,0
1506377933,22236933,3944.69,0.88112903,1
1506377933,22236932,3946.92,0.05606903,1
1506377932,22236930,3946.92,0.01400000,1
1506377897,22236914,3947.42,1.00000000,0
1506377895,22236913,3947.39,1.00000000,1
1506377891,22236912,3947.39,0.05905882,0
1506377888,22236911,3946.89,0.10500000,1
1506377886,22236910,3941.54,0.01680000,1
1506377885,22236909,3946.88,1.00000000,0
1506377884,22236907,3947.11,0.12850000,1
1506377882,22236906,3946.89,0.87150000,0
1506377863,22236897,3947.43,0.00256747,0
1506377863,22236896,3943.28,0.03251318,0
1506377862,22236894,3941.52,0.03805648,1
1506377861,22236892,3941.52,0.16203093,0
1506377856,22236889,3939.01,0.31910900,1
1506377856,22236888,3939.03,0.09822515,1
1506377844,22236882,3941.52,0.01096907,0
1506377831,22236876,3939.00,0.99600000,1
1506377831,22236875,3939.01,1.46030000,1
1506377830,22236874,3939.01,2.53970000,1
1506377830,22236873,3939.02,0.00400000,1
1506377817,22236868,3939.19,0.47098553,0
1506377817,22236867,3939.19,0.00126604,0
1506377815,22236866,3939.19,1.00000000,0
1506377814,22236865,3941.38,1.00000000,1
1506377813,22236864,3942.40,0.06614843,1
1506377813,22236863,3942.40,0.01037349,1
1506377812,22236856,3942.40,0.05000000,0
1506377808,22236855,3941.38,0.22300000,0
1506377805,22236852,3936.83,0.02023456,0
1506377800,22236847,3939.00,0.21821431,0
1506377800,22236844,3936.95,0.04022150,0
1506377798,22236843,3936.48,1.00000000,0
1506377795,22236840,3936.95,0.24770953,1
1506377792,22236837,3936.95,0.16440000,0
1506377789,22236833,3935.62,0.09204141,1
1506377782,22236827,3936.89,0.75243561,1
1506377781,22236826,3934.33,0.24756439,0
1506377777,22236823,3934.25,0.19100000,0
1506377771,22236819,3933.18,0.10897544,0
1506377770,22236816,3931.19,0.22132900,1
1506377770,22236813,3933.18,0.03813708,1
1506377769,22236812,3933.18,0.10897437,1
1506377769,22236810,3933.19,0.00000363,1
1506377768,22236808,3933.19,0.29569637,0
1506377766,22236804,3933.18,0.03813708,0
1506377766,22236803,3931.40,0.10896373,0
1506377765,22236802,3931.19,0.01586870,1
1506377762,22236799,3931.40,0.10894847,1
1506377750,22236794,3929.56,0.06250000,1
1506377747,22236793,3929.55,0.08326596,1
1506377743,22236792,3931.37,1.58177241,0
1506377742,22236791,3931.37,0.96182759,0
1506377742,22236790,3929.54,0.03817241,0
1506377740,22236789,3932.34,2.54540000,0
1506377739,22236788,3931.38,1.54460000,0
1506377739,22236787,3931.38,1.00000000,0
1506377736,22236786,3929.58,0.23000000,0
1506377735,22236785,3929.55,0.49300000,0
1506377735,22236784,3929.55,0.03817231,0
1506377718,22236777,3927.28,0.16849142,1
1506377705,22236767,3927.25,0.50028901,0
1506377701,22236761,3927.24,0.57512800,1
1506377698,22236750,3927.23,0.08022147,0
1506377695,22236744,3929.56,0.01457953,0
1506377673,22236738,3929.56,0.06649180,0
1506377667,22236737,3927.23,0.11087332,1
1506377634,22236688,3931.46,0.10455461,0
1506377634,22236687,3928.51,0.11543879,0
1506377634,22236686,3928.03,0.07291858,0
1506377633,22236685,3928.02,0.03818718,0
1506377586,22236656,3934.68,0.48233774,0
1506377585,22236655,3934.77,3.21108029,0
1506377585,22236654,3934.68,0.69146971,0
1506377585,22236653,3933.50,0.09745000,0
1506377585,22236652,3933.50,0.00255000,1
1506377579,22236647,3934.72,0.07305740,0
1506377575,22236642,3934.82,0.90000000,0
1506377551,22236625,3927.25,0.01331244,1
1506377539,22236623,3928.02,0.09886128,0
1506377538,22236622,3936.38,0.70446086,1
1506377537,22236620,3935.06,0.00553914,0
1506377537,22236619,3933.49,2.31770000,0
1506377536,22236618,3935.05,1.68230000,1
1506377536,22236617,3933.50,0.29000000,0
1506377527,22236613,3935.04,0.01905940,0
1506377523,22236606,3934.63,0.00426800,0
1506377517,22236605,3935.05,0.02000000,0
1506377516,22236604,3930.00,1.32223739,0
1506377514,22236601,3930.00,1.00000000,1
1506377513,22236600,3931.00,1.00000000,1
1506377513,22236599,3931.65,0.14420000,1
1506377513,22236598,3932.00,1.00000000,1
1506377513,22236597,3932.01,4.00000000,1
1506377513,22236596,3932.75,1.27065890,1
1506377509,22236593,3932.07,1.00000000,0
1506377504,22236588,3933.01,1.00000000,1
1506377501,22236587,3932.07,1.00000000,1
1506377499,22236586,3932.07,1.00000000,1
1506377491,22236585,3932.04,0.25484110,0
1506377490,22236583,3933.00,1.00000000,1
1506377490,22236582,3936.00,1.00000000,1
1506377488,22236581,3937.64,0.14120000,1
1506377486,22236579,3939.00,0.04653100,0
1506377486,22236578,3938.00,5.80911364,1
1506377484,22236576,3938.00,7.00000000,1
1506377484,22236575,3938.00,7.00000000,1
1506377484,22236574,3938.00,5.00000000,1
1506377480,22236573,3938.00,5.13509887,1
1506377480,22236572,3938.02,0.87150000,1
1506377480,22236570,3939.00,1.00000000,1
1506377478,22236569,3939.99,0.10000000,0
1506377477,22236568,3939.99,0.24867068,1
1506377466,22236560,3940.00,0.10000000,1
1506377460,22236543,3943.61,2.00000000,0
1506377457,22236540,3941.00,1.00000000,1
1506377452,22236537,3943.62,0.10000000,1
1506377446,22236532,3944.59,0.15950000,1
1506377445,22236531,3944.60,0.62900000,1
1506377445,22236530,3944.62,0.87150000,1
1506377442,22236529,3945.00,0.04743130,1
1506377442,22236528,3945.00,0.70222600,1
1506377438,22236525,3945.00,0.25000000,1
1506377430,22236522,3946.69,0.02494000,1
1506377427,22236521,3946.69,1.00000000,1
1506377425,22236519,3946.70,1.00000000,1
1506377424,22236518,3950.74,2.52550000,0
1506377413,22236512,3950.00,3.00000000,1
1506377413,22236511,3950.90,0.15820000,1
1506377413,22236510,3953.00,1.93093543,1
1506377408,22236509,3954.96,2.52510000,0
1506377407,22236507,3956.23,0.02169489,1
1506377405,22236506,3955.88,2.17555053,1
1506377405,22236505,3955.88,0.82444947,1
1506377404,22236504,3956.11,0.12724370,1
1506377404,22236503,3956.20,2.52730000,1
1506377404,22236502,3956.21,1.52100683,1
1506377403,22236499,3956.22,0.05861900,0
1506377395,22236496,3956.20,0.12850000,0
1506377393,22236495,3956.21,0.87150000,1
1506377375,22236483,3958.01,0.04438348,0
1506377375,22236482,3958.03,0.01599915,1
1506377374,22236481,3958.05,0.02399915,1
1506377362,22236479,3962.09,0.15122322,0
1506377352,22236476,3958.03,0.21151975,1
1506377352,22236475,3958.03,0.12767717,1
1506377348,22236473,3958.00,2.57004122,0
1506377347,22236472,3958.00,1.54262708,1
1506377347,22236471,3959.99,0.12748638,1
1506377338,22236466,3959.99,0.09463644,1
1506377336,22236465,3959.99,0.00999915,1
1506377334,22236464,3959.99,0.02999915,1
1506377332,22236461,3959.99,0.03787888,0
1506377326,22236459,3959.36,0.23796858,1
1506377326,22236458,3959.39,0.17688759,1
1506377318,22236453,3958.11,0.15903214,0
1506377314,22236452,3959.98,0.25000000,0
1506377305,22236451,3958.00,0.23442057,1
1506377305,22236450,3958.00,0.15060578,1
1506377296,22236449,3958.15,0.25341463,1
1506377274,22236439,3958.00,0.07234657,1
1506377274,22236438,3959.37,0.00799915,1
1506377274,22236437,3959.39,0.01199915,1
1506377269,22236436,3960.00,0.03598059,1
1506377261,22236429,3958.77,0.04853921,0
1506377252,22236426,3958.77,0.05982343,0
1506377246,22236422,3958.75,0.28767454,1
1506377246,22236421,3958.75,0.10000000,1
1506377245,22236420,3958.75,0.02794400,1
1506377245,22236419,3958.75,0.11378669,1
1506377245,22236417,3958.75,0.02101462,1
1506377235,22236413,3960.02,0.10378988,0
1506377214,22236394,3958.73,0.01006530,1
1506377214,22236393,3958.76,0.00794470,1
1506377212,22236392,3958.79,0.22508352,1
1506377211,22236391,3958.76,0.02205445,1
1506377210,22236390,3962.18,1.00000000,0
1506377208,22236388,3959.99,0.46057000,1
1506377206,22236387,3958.91,2.52750000,0
1506377204,22236383,3958.72,0.70169065,1
1506377204,22236382,3959.98,0.82354635,1
1506377203,22236381,3959.98,0.07891230,1
1506377202,22236380,3959.98,0.09754135,0
1506377201,22236379,3958.72,0.01791115,1
1506377200,22236376,3959.98,1.00000000,0
1506377198,22236371,3959.98,1.00000000,0
1506377197,22236370,3959.98,0.00126010,0
1506377193,22236369,3957.68,0.00999915,1
1506377192,22236368,3959.98,0.00183908,0
1506377192,22236367,3959.98,0.09935947,0
1506377191,22236366,3957.50,2.52330000,0
1506377190,22236365,3956.27,0.07100000,0
1506377187,22236364,3956.18,0.14075448,0
1506377187,22236363,3956.18,4.83862143,0
1506377186,22236362,3956.18,5.00000000,0
1506377185,22236361,3956.18,7.00000000,0
1506377185,22236360,3956.18,0.19733345,0
1506377183,22236358,3956.16,0.06451038,1
1506377182,22236354,3956.16,0.02999915,0
1506377182,22236353,3956.14,0.00999915,0
1506377181,22236352,3955.23,0.36100000,0
1506377181,22236351,3955.00,0.19617096,0
1506377181,22236348,3954.99,0.02504949,0
1506377179,22236343,3954.58,0.16300000,0
1506377177,22236341,3953.36,0.00500000,1
1506377163,22236327,3954.99,0.00250379,0
1506377158,22236322,3953.40,0.01194000,1
1506377155,22236317,3953.39,0.07417265,0
1506377152,22236311,3954.99,0.01037349,0
1506377148,22236310,3953.43,0.00138827,1
1506377146,22236307,3953.43,0.02690000,1
1506377144,22236306,3953.39,0.06583294,0
1506377143,22236302,3953.24,0.08130556,1
1506377139,22236297,3953.03,0.06923751,1
1506377139,22236296,3953.40,0.04349249,1
1506377131,22236289,3955.00,0.06752904,0
1506377131,22236288,3954.99,0.03792677,0
1506377130,22236286,3954.01,0.64990000,0
1506377127,22236281,3953.39,0.00254237,1
1506377127,22236280,3954.00,0.11564805,1
1506377115,22236268,3954.00,0.02432144,1
1506377115,22236267,3954.01,0.00591895,1
1506377109,22236266,3954.00,0.02900000,1
1506377108,22236265,3954.00,0.06103051,1
1506377108,22236264,3954.01,0.01585398,1
1506377086,22236260,3953.01,0.14176900,1
1506377084,22236256,3953.01,0.11339808,1
1506377083,22236255,3953.02,0.01439915,1
1506377083,22236254,3953.04,0.02159915,1
1506377080,22236253,3953.07,0.01088153,1
1506377073,22236246,3953.00,0.06906457,0
1506377054,22236227,3953.04,0.01812967,1
1506377052,22236224,3956.12,0.03395838,1
1506377051,22236223,3956.18,0.06866409,0
1506377051,22236220,3956.16,0.00999915,0
1506377051,22236219,3956.12,1.87945836,0
1506377051,22236218,3956.00,0.10000000,0
1506377051,22236217,3955.99,0.40021511,0
1506377051,22236216,3953.01,0.06986329,0
1506377050,22236215,3953.00,4.91108060,1
1506377045,22236212,3953.00,0.11226354,1
1506377043,22236210,3953.01,0.00593000,1
1506377042,22236208,3953.01,0.25834980,1
1506377042,22236207,3953.02,0.03717803,1
1506377032,22236204,3956.18,2.39110418,0
1506377032,22236203,3956.17,0.03791546,0
1506377032,22236202,3956.16,0.03999915,0
1506377032,22236201,3956.14,0.03778291,0
1506377032,22236200,3956.14,0.00999915,0
1506377031,22236199,3956.12,0.00999915,0
1506377029,22236198,3953.01,0.07489525,1
1506377027,22236197,3953.00,0.00733700,1
1506377027,22236196,3953.00,0.00961623,1
1506377026,22236193,3956.11,2.52950000,0
1506377016,22236190,3953.01,0.10545581,1
1506377015,22236189,3953.01,1.70450616,1
1506377014,22236188,3953.01,0.04720503,1
1506377012,22236185,3953.01,0.26971353,1
1506377008,22236182,3953.06,0.07429114,1
1506376993,22236177,3956.18,0.50427685,0
1506376990,22236176,3953.01,0.07164380,1
1506376984,22236174,3956.25,0.01000000,0
1506376980,22236173,3956.18,2.76115285,1
1506376979,22236151,3956.18,0.39581080,1
1506376979,22236150,3956.18,0.10731150,1
1506376967,22236142,3956.18,0.01380964,1
1506376963,22236141,3956.18,0.06430470,1
1506376963,22236140,3956.24,0.00824533,1
1506376961,22236139,3956.25,0.99612298,1
1506376959,22236134,3956.25,0.02853600,1
1506376959,22236133,3956.25,0.02998100,1
1506376953,22236124,3958.14,0.50000000,0
1506376944,22236114,3956.26,0.09425273,1
1506376941,22236111,3956.23,1.24148500,1
1506376937,22236110,3956.18,0.42278503,1
1506376937,22236109,3956.20,0.00239915,1
1506376937,22236108,3956.22,0.00359915,1
1506376932,22236100,3956.18,2.52650000,1
1506376929,22236088,3955.80,0.50000000,0
1506376926,22236087,3953.00,0.59720466,1
1506376926,22236085,3953.02,0.00479915,1
1506376925,22236084,3953.04,0.00719915,1
1506376923,22236082,3959.95,0.05000000,0
1506376921,22236081,3953.03,0.01098009,1
1506376919,22236073,3953.00,0.36249797,1
1506376914,22236066,3952.40,0.16907743,1
1506376914,22236065,3952.45,0.01739915,1
1506376911,22236064,3955.38,0.33838900,1
1506376909,22236062,3955.38,0.22028025,1
1506376906,22236056,3952.40,0.02000000,1
1506376903,22236051,3959.98,3.01524503,1
1506376902,22236048,3959.98,2.00000000,0
1506376901,22236047,3952.40,0.95652150,1
1506376901,22236046,3952.43,0.10000000,1
1506376897,22236042,3962.00,0.95736275,1
1506376896,22236041,3962.00,4.00000000,1
1506376896,22236040,3961.99,2.53070000,0
1506376895,22236039,3958.68,2.00000000,0
1506376895,22236038,3957.00,0.07249637,0
1506376895,22236037,3956.19,0.42300000,0
1506376895,22236036,3956.16,0.01644088,0
1506376883,22236030,3955.83,2.52510000,1
1506376875,22236026,3949.45,0.06651246,1
1506376875,22236025,3949.45,0.02444342,1
1506376875,22236024,3949.46,0.04145115,1
1506376867,22236019,3956.95,0.00126107,0
1506376846,22236012,3949.39,0.06031047,1
1506376845,22236011,3962.21,6.38813876,0
1506376845,22236010,3962.15,6.40000000,0
1506376845,22236009,3962.00,0.71333079,0
1506376845,22236008,3961.98,0.87150000,0
1506376845,22236007,3960.00,10.20867045,0
1506376845,22236006,3959.81,0.31000000,0
1506376845,22236005,3955.83,0.10836000,0
1506376844,22236004,3955.03,0.30000000,1
1506376843,22236003,3949.42,0.08042960,1
1506376842,22236002,3957.01,0.15742636,1
1506376838,22236001,3957.00,0.03793478,0
1506376837,22235999,3954.99,2.52410000,0
1506376834,22235995,3957.00,0.67216400,1
1506376832,22235986,3960.00,2.37599055,0
1506376832,22235985,3959.82,0.00206034,0
1506376832,22235984,3959.70,6.87710367,0
1506376831,22235983,3958.72,4.00000000,0
1506376831,22235982,3958.58,7.11023135,0
1506376831,22235981,3958.58,0.50000000,0
1506376831,22235980,3957.95,0.16160000,0
1506376831,22235979,3957.67,0.10000000,0
1506376831,22235978,3957.52,4.00000000,0
1506376831,22235976,3957.42,0.02097328,0
1506376830,22235975,3957.36,7.85000000,0
1506376830,22235974,3957.12,0.00204081,0
1506376830,22235973,3957.00,0.32783600,1
1506376828,22235972,3957.00,0.07656909,1
1506376827,22235971,3957.00,0.01882256,1
1506376827,22235970,3957.00,0.08768952,1
1506376826,22235969,3957.00,0.10000000,0
1506376825,22235968,3955.74,0.01448600,1
1506376825,22235967,3955.74,0.01596553,1
1506376825,22235966,3956.42,0.01602262,1
1506376821,22235957,3955.82,0.23592596,1
1506376818,22235954,3956.23,2.34476000,1
1506376818,22235953,3955.00,0.44260050,1
1506376818,22235952,3955.00,1.54240650,1
1506376817,22235950,3956.08,3.57988934,0
1506376816,22235949,3956.08,1.80403934,0
1506376816,22235948,3955.82,0.81196787,0
1506376814,22235941,3955.82,0.83291934,0
1506376813,22235939,3955.00,0.15497169,1
1506376813,22235937,3955.00,0.13180633,1
1506376813,22235935,3955.00,0.10255443,1
1506376812,22235930,3955.29,0.61400000,0
1506376811,22235928,3955.25,0.45000000,0
1506376811,22235927,3955.00,0.01042857,0
1506376811,22235926,3955.00,0.78035000,0
1506376811,22235925,3955.00,1.98499074,0
1506376811,22235924,3954.99,0.02500000,0
1506376809,22235923,3955.00,7.00000000,0
1506376808,22235919,3955.00,5.00000000,0
1506376801,22235901,3953.47,0.98050000,1
1506376801,22235899,3954.96,1.00000000,1
1506376798,22235891,3954.96,0.99950000,1
1506376797,22235889,3955.00,12.00000000,0
1506376796,22235887,3953.47,0.02023797,1
1506376795,22235881,3953.47,2.42194344,1
1506376795,22235880,3954.99,0.86238908,1
1506376795,22235879,3954.99,0.13761092,1
1506376792,22235874,3955.00,10.66640266,0
1506376792,22235872,3955.00,0.50000000,0
1506376792,22235870,3954.99,0.32000000,0
1506376792,22235867,3954.99,0.93209802,0
1506376792,22235866,3954.97,0.87150000,0
1506376791,22235865,3954.96,0.00999932,0
1506376790,22235864,3951.42,0.07502267,1
1506376790,22235863,3952.97,0.08169721,1
1506376790,22235862,3952.97,0.10618030,1
1506376790,22235861,3951.42,0.07502521,1
1506376789,22235860,3951.42,0.07502014,1
1506376789,22235858,3951.42,4.58721288,1
1506376789,22235855,3951.42,0.08687522,1
1506376786,22235846,3954.99,0.06790198,0
1506376786,22235845,3954.98,0.01999932,0
1506376785,22235843,3953.00,0.72222300,0
1506376785,22235842,3952.97,0.87150000,0
1506376783,22235836,3952.45,0.01620044,1
1506376777,22235812,3950.90,0.08385216,1
1506376776,22235811,3946.66,1.02849932,1
1506376776,22235810,3947.50,0.20000000,1
1506376776,22235809,3947.50,0.20000000,1
1506376776,22235807,3947.50,0.20000000,1
1506376776,22235806,3948.17,0.20000000,1
1506376776,22235804,3948.17,0.20000000,1
1506376776,22235801,3950.00,0.97000068,1
1506376775,22235796,3950.00,0.02999932,1
1506376769,22235782,3950.00,0.32470346,0
1506376767,22235781,3949.64,2.53570000,0
1506376765,22235778,3948.15,0.56400000,0
1506376764,22235777,3945.78,0.77659887,1
1506376760,22235772,3944.59,1.10729966,1
1506376760,22235771,3944.59,0.09297250,1
1506376759,22235770,3944.59,1.00409369,1
1506376758,22235769,3944.59,1.10729966,1
1506376758,22235768,3944.59,0.21459876,1
1506376757,22235764,3941.01,0.54413152,0
1506376756,22235763,3940.23,0.03807116,1
1506376753,22235759,3940.17,1.87187000,1
1506376753,22235758,3940.17,0.34909600,1
1506376751,22235753,3939.99,0.91646574,1
1506376751,22235752,3940.00,0.03807121,1
1506376750,22235746,3940.00,0.69775679,0
1506376749,22235745,3939.99,0.03807116,0
1506376747,22235741,3938.09,1.58266998,1
1506376747,22235740,3938.09,0.39226518,1
1506376747,22235739,3938.09,0.20000000,1
1506376736,22235716,3938.05,0.50677100,1
1506376729,22235702,3940.00,0.00195715,0
1506376712,22235694,3938.01,0.21527465,1
1506376709,22235693,3938.00,0.10013904,1
1506376707,22235692,3941.01,0.01017541,0
1506376706,22235691,3938.01,1.74547809,1
1506376695,22235683,3938.00,4.36425304,1
1506376695,22235682,3940.00,0.62408559,1
1506376695,22235681,3940.01,0.01166137,1
1506376671,22235672,3940.00,0.37591441,1
1506376660,22235665,3941.01,0.01665699,0
1506376656,22235663,3941.01,0.00813660,0
1506376648,22235648,3938.17,0.12000000,1
1506376646,22235639,3938.00,3.31616421,1
1506376646,22235637,3938.08,0.03823414,1
1506376646,22235635,3938.16,1.64560165,1
1506376641,22235617,3938.01,0.07524011,1
1506376636,22235613,3941.01,0.02189948,0
1506376636,22235612,3940.98,0.03806160,0
1506376625,22235601,3938.00,5.00000000,1
1506376575,22235575,3938.00,2.98000000,1
1506376575,22235574,3938.10,2.00000000,1
1506376562,22235570,3939.80,0.00194926,0
1506376561,22235569,3939.80,0.17983223,0
1506376556,22235566,3938.00,0.14426993,1
1506376550,22235561,3938.00,0.00029910,1
1506376550,22235560,3938.21,0.01970090,1
1506376538,22235555,3938.00,0.18008000,1
1506376538,22235554,3940.63,1.60012005,0
1506376538,22235553,3939.84,0.16784879,0
1506376538,22235552,3939.81,0.03807290,0
1506376536,22235551,3938.00,3.85470000,1
1506376536,22235550,3938.20,0.96522000,1
1506376534,22235548,3938.20,0.02000000,1
1506376523,22235544,3939.83,2.09475028,0
1506376522,22235543,3939.82,6.00000000,1
1506376521,22235542,3939.79,0.76674338,0
1506376516,22235540,3938.20,0.01478000,1
1506376516,22235539,3938.22,0.00300000,1
1506376508,22235538,3939.85,0.01042857,1
1506376503,22235536,3940.00,0.10906458,1
1506376503,22235535,3939.86,0.03807242,0
1506376490,22235532,3939.82,0.05397000,0
1506376466,22235526,3939.84,0.00700000,0
1506376458,22235525,3940.02,0.00700000,0
1506376456,22235524,3938.20,1.00000000,1
1506376426,22235518,3940.16,0.02927579,0
1506376424,22235517,3938.04,0.00479932,1
1506376420,22235516,3938.00,0.11588217,1
1506376418,22235515,3938.48,0.15950000,1
1506376398,22235509,3940.37,0.07602770,1
1506376386,22235503,3940.54,0.05810000,0
1506376360,22235498,3940.39,0.04455600,0
1506376320,22235495,3940.00,6.49776568,1
1506376262,22235432,3945.62,0.00750000,0
1506376256,22235428,3940.01,0.45092825,1
1506376254,22235424,3940.00,0.01361744,1
1506376252,22235422,3945.60,0.00754000,0
1506376252,22235418,3945.66,0.05761144,0
1506376250,22235416,3945.66,0.02999361,0
1506376220,22235385,3940.00,1.48861688,1
1506376220,22235384,3940.02,0.87150000,1
1506376220,22235383,3941.84,4.00000000,1
1506376220,22235382,3943.00,0.98190756,1
1506376154,22235354,3946.24,0.13761822,0
1506376143,22235348,3946.40,0.02170300,1
1506376138,22235346,3946.28,0.00664662,0
1506376128,22235341,3943.00,0.11132000,1
1506376112,22235329,3943.00,0.00617661,1
1506376111,22235328,3943.00,0.01000000,1
1506376096,22235325,3943.00,0.07619744,1
1506376095,22235323,3943.00,1.00000000,1
1506376093,22235322,3943.00,1.00000000,1
1506376092,22235320,3943.01,0.02939932,0
1506376091,22235319,3943.01,0.01959932,0
1506376087,22235314,3943.01,1.00000000,0
1506376082,22235312,3943.00,0.27700000,1
1506376068,22235310,3947.00,0.10000000,0
1506376045,22235304,3947.07,0.50310343,0
1506376044,22235303,3946.22,0.00999932,0
1506376024,22235287,3946.33,0.02146502,0
1506376024,22235286,3946.25,0.00999932,0
1506376002,22235268,3944.24,1.00000000,1
1506376001,22235267,3945.01,0.02999932,1
1506376000,22235266,3945.01,1.00000000,1
1506375996,22235262,3945.00,0.03599932,0
1506375995,22235261,3945.00,0.07909932,1
1506375995,22235260,3945.02,0.02399932,1
1506375992,22235259,3945.00,1.00000000,1
1506375990,22235247,3945.01,0.74092630,1
1506375990,22235245,3945.01,0.64218586,1
1506375989,22235243,3945.01,1.15018784,0
1506375987,22235241,3951.83,0.04043000,0
1506375981,22235237,3945.01,1.00000000,1
1506375978,22235233,3945.42,0.01263997,0
1506375976,22235231,3945.01,0.01268300,1
1506375970,22235227,3948.39,0.76126381,1
1506375964,22235224,3949.11,0.17389149,1
1506375964,22235223,3949.74,0.01000000,0
1506375962,22235222,3950.00,3.54481366,1
1506375961,22235221,3950.00,5.00000000,1
1506375961,22235220,3950.00,5.00000000,1
1506375960,22235218,3950.00,7.00000000,1
1506375959,22235214,3950.00,4.00923900,1
1506375958,22235213,3950.00,0.89295705,1
1506375957,22235212,3950.00,12.00275000,1
1506375956,22235211,3950.00,0.07501172,1
1506375954,22235210,3950.01,0.30000000,1
1506375953,22235209,3950.00,12.46548843,1
1506375953,22235208,3950.02,0.01451157,1
1506375936,22235199,3952.44,0.01337772,0
1506375936,22235198,3950.01,0.02100000,1
1506375932,22235197,3950.00,0.37523403,1
1506375932,22235196,3950.00,0.16399918,1
1506375932,22235195,3950.00,0.30231248,1
1506375931,22235194,3950.00,0.95752100,1
1506375930,22235193,3950.00,3.33632843,1
1506375927,22235190,3952.45,0.20080133,1
1506375926,22235188,3950.00,0.90510100,1
1506375924,22235185,3950.01,0.48719055,1
1506375924,22235184,3952.83,0.00149994,1
1506375895,22235150,3950.01,2.99850000,1
1506375888,22235142,3950.01,0.01045718,0
1506375886,22235137,3950.00,0.97781199,1
1506375883,22235131,3950.01,3.12560000,0
1506375881,22235130,3950.01,1.85090000,1
1506375881,22235128,3950.01,0.02350000,1
1506375877,22235122,3950.01,0.13293350,1
1506375867,22235111,3950.00,2.99850000,1
1506375850,22235095,3953.58,0.01870987,0
1506375848,22235089,3950.00,0.07530951,1
1506375847,22235084,3950.00,2.97066478,1
1506375847,22235083,3950.01,0.02783522,1
1506375838,22235074,3950.00,0.61469250,1
1506375830,22235071,3950.00,1.60639687,1
1506375828,22235067,3950.00,0.69786837,1
1506375826,22235063,3949.47,0.02800000,0
1506375826,22235062,3949.46,4.00000000,0
1506375808,22235045,3945.22,0.00700000,0
1506375797,22235044,3945.00,0.05962915,1
1506375781,22235040,3945.02,0.03809534,1
1506375767,22235038,3945.23,0.00893609,1
1506375767,22235037,3945.21,0.13410811,0
1506375766,22235036,3945.00,0.03705645,1
1506375765,22235035,3945.22,0.02323422,1
1506375758,22235023,3945.21,0.00274862,1
1506375755,22235018,3945.22,0.36081950,1
1506375749,22235017,3953.42,1.94834345,1
1506375749,22235016,3953.28,2.53150000,1
1506375749,22235014,3952.33,0.05000000,0
1506375747,22235008,3950.00,0.00483000,0
1506375747,22235007,3950.00,4.00000000,0
1506375747,22235006,3950.00,0.02000000,0
1506375740,22234994,3944.99,0.05051806,0
1506375739,22234992,3944.99,0.00200000,0
1506375739,22234990,3945.01,2.53190000,1
1506375738,22234989,3945.38,0.63738194,1
1506375738,22234988,3949.99,0.18914328,0
1506375738,22234987,3949.99,0.00697478,0
1506375738,22234986,3947.36,0.01191911,0
1506375735,22234978,3945.39,1.07518531,0
1506375733,22234966,3947.36,0.01808089,0
1506375731,22234957,3945.39,0.07980915,1
1506375717,22234930,3949.99,0.03100000,0
1506375715,22234927,3945.39,0.01000000,0
1506375695,22234891,3945.38,0.02390938,1
1506375687,22234884,3945.38,0.30226174,1
1506375683,22234876,3945.38,0.16052000,1
1506375682,22234871,3945.38,0.22715900,1
1506375679,22234864,3945.38,0.06490420,1
1506375679,22234863,3945.39,0.00068180,1
1506375679,22234862,3947.77,0.00126400,1
1506375673,22234849,3949.99,0.96592711,0
1506375673,22234848,3949.98,7.00000000,0
1506375673,22234847,3948.51,0.03100000,0
1506375672,22234846,3947.78,0.15640000,0
1506375672,22234845,3947.69,0.05079500,0
1506375672,22234844,3947.69,0.09587789,0
1506375672,22234843,3947.68,4.00000000,0
1506375668,22234833,3945.38,0.41601105,1
1506375668,22234832,3945.39,0.01329656,1
1506375664,22234829,3947.69,0.00700000,0
1506375662,22234828,3945.38,0.11249183,1
1506375657,22234821,3945.38,0.01336086,1
1506375657,22234820,3945.39,0.00221317,1
1506375634,22234775,3945.39,0.07431830,1
1506375634,22234773,3945.39,0.20445670,1
1506375624,22234754,3945.38,0.04200000,0
1506375608,22234741,3947.69,0.10287918,0
1506375604,22234737,3947.73,0.09002001,0
1506375603,22234735,3947.70,0.35031199,0
1506375583,22234682,3945.01,0.05200328,0
1506375583,22234681,3945.02,0.00000158,1
1506375583,22234680,3945.07,0.00799514,1
1506375575,22234664,3945.02,0.00465000,1
1506375560,22234655,3945.02,0.02127569,1
1506375559,22234654,3945.02,0.03309842,1
1506375555,22234652,3945.03,2.53500000,1
1506375555,22234651,3945.03,0.04606342,1
1506375553,22234650,3947.72,0.00991458,0
1506375552,22234648,3945.02,0.10078079,1
1506375547,22234643,3945.07,0.66048994,1
1506375543,22234638,3947.75,0.00733900,0
1506375536,22234631,3945.02,0.00703199,1
1506375528,22234627,3945.02,0.03316153,1
1506375525,22234625,3945.03,0.03629921,1
1506375516,22234620,3945.03,2.01044788,1
1506375506,22234611,3945.03,0.02664400,1
1506375492,22234597,3945.03,0.04418474,1
1506375465,22234581,3945.03,0.32851846,0
1506375463,22234580,3945.03,0.03150242,1
1506375463,22234578,3945.04,4.00000000,1
1506375453,22234568,3945.03,0.03057475,1
1506375426,22234562,3945.01,1.31030000,1
1506375422,22234558,3945.01,0.04243984,1
1506375412,22234556,3945.00,4.00000000,1
1506375411,22234555,3947.73,0.05000000,0
1506375408,22234550,3945.00,0.87150000,1
1506375407,22234548,3945.00,3.73524862,0
1506375407,22234547,3943.36,0.05300000,0
1506375407,22234546,3943.35,4.00000000,0
1506375406,22234544,3935.70,0.06014237,1
1506375398,22234542,3935.59,0.04279678,0
1506375397,22234540,3936.24,1.68051843,1
1506375394,22234538,3933.99,0.03207761,1
1506375390,22234532,3943.36,0.69991580,1
1506375390,22234531,3942.11,0.14300000,0
1506375389,22234530,3940.20,1.56360864,0
1506375389,22234529,3940.20,0.87150000,1
1506375389,22234528,3940.02,4.00000000,1
1506375388,22234526,3936.23,0.06400000,0
1506375384,22234525,3934.78,0.50684141,0
1506375383,22234523,3934.78,0.68936275,0
1506375373,22234520,3934.94,0.03812002,0
1506375368,22234519,3934.19,2.54160000,0
1506375367,22234518,3931.54,0.09492103,1
1506375367,22234517,3935.56,0.03837897,1
1506375366,22234516,3935.56,0.03811402,0
1506375365,22234515,3934.07,0.56400000,0
1506375359,22234513,3931.53,0.37169609,1
1506375357,22234511,3931.55,6.32830391,1
1506375305,22234496,3928.49,1.42725105,1
1506375305,22234495,3928.49,0.06432937,1
1506375289,22234491,3940.20,3.23096275,1
1506375289,22234490,3936.00,0.12780754,0
1506375288,22234489,3935.65,2.54110000,0
1506375288,22234488,3934.10,0.06200000,0
1506375286,22234487,3933.94,0.03812971,0
1506375253,22234481,3928.48,0.18872593,1
1506375214,22234451,3928.68,0.03417844,1
1506375208,22234446,3928.85,0.14292000,0
1506375205,22234443,3928.85,0.85708000,0
1506375204,22234442,3928.85,0.93895441,0
1506375203,22234441,3928.85,0.06104559,1
1506375195,22234437,3929.20,0.00609792,1
1506375193,22234434,3928.88,0.23666900,1
1506375193,22234433,3928.89,0.76333100,1
1506375190,22234429,3928.88,1.00000000,1
1506375189,22234428,3928.85,1.00000000,0
1506375187,22234427,3935.41,2.53040000,1
1506375186,22234426,3928.75,0.12850000,0
1506375185,22234425,3928.92,0.87150000,1
1506375183,22234421,3934.02,0.14266831,1
1506375170,22234419,3935.30,0.12780754,1
1506375164,22234416,3935.41,0.00406939,0
1506375162,22234414,3937.89,0.05089843,0
1506375159,22234412,3935.41,0.00584543,0
1506375130,22234385,3935.41,0.01442000,1
1506375123,22234375,3941.65,0.02946700,0
1506375098,22234333,3944.92,0.35391338,1
1506375098,22234329,3941.65,0.16230000,0
1506375097,22234327,3941.00,0.29974367,0
1506375095,22234324,3938.18,0.07700000,0
1506375064,22234301,3939.69,0.96190118,0
1506375064,22234299,3937.13,0.03809882,0
1506375041,22234258,3935.25,0.00443691,1
1506375038,22234255,3939.82,0.07190176,1
1506375037,22234254,3941.05,0.50626863,0
1506375031,22234251,3941.21,0.09453746,0
1506375031,22234250,3941.10,0.90546254,0
1506375029,22234247,3941.24,1.00000000,0
1506375028,22234244,3939.81,0.43571645,1
1506375025,22234240,3939.81,0.56428102,1
1506375013,22234231,3937.35,0.90600000,0
1506375013,22234230,3936.68,0.09400000,0
1506374994,22234205,3934.97,0.01028216,0
1506374992,22234201,3934.45,0.01000000,0
1506374979,22234198,3930.90,0.05083188,1
1506374968,22234191,3930.05,0.04978562,1
1506374968,22234190,3930.05,0.01092250,1
1506374967,22234189,3930.06,0.01161695,1
1506374964,22234188,3936.69,0.93804000,1
1506374964,22234187,3934.97,2.53144456,0
1506374961,22234186,3934.97,0.00935544,0
1506374960,22234185,3934.40,0.00999932,0
1506374958,22234180,3941.59,0.89146004,1
1506374958,22234179,3941.57,0.04500000,0
1506374958,22234178,3939.41,0.87150000,1
1506374957,22234177,3936.36,0.03600000,0
1506374957,22234176,3936.36,0.00362796,0
1506374957,22234175,3936.36,0.24029511,0
1506374957,22234174,3936.36,0.00223846,0
1506374957,22234173,3936.33,0.03000000,0
1506374956,22234172,3935.09,0.09100000,0
1506374956,22234171,3935.00,2.18651255,0
1506374956,22234170,3935.00,2.54290000,1
1506374955,22234169,3934.44,0.00999932,1
1506374955,22234168,3934.44,0.04400000,0
1506374921,22234156,3935.00,0.00934654,0
1506374919,22234154,3935.00,0.96412960,0
1506374919,22234153,3931.46,0.03999932,0
1506374918,22234152,3931.44,0.00999932,0
1506374898,22234148,3932.43,1.00000000,1
1506374895,22234145,3931.51,1.00000000,0
1506374890,22234135,3930.00,0.09900000,1
1506374884,22234122,3930.00,0.50000000,0
1506374883,22234121,3926.31,0.13019283,1
1506374879,22234118,3926.01,0.05328708,0
1506374865,22234115,3926.01,0.01763955,0
1506374862,22234112,3926.00,0.01740000,1
1506374826,22234111,3926.00,0.32894000,1
1506374822,22234110,3926.00,0.02621919,1
1506374756,22234099,3926.00,0.00344370,1
1506374740,22234088,3926.01,0.03433763,0
1506374740,22234087,3926.00,0.01632635,0
1506374732,22234082,3926.00,0.02188048,0
1506374646,22234047,3922.91,0.64962471,1
1506374635,22234044,3923.25,0.02424500,1
1506374576,22234038,3926.01,0.00173574,0
1506374576,22234037,3924.90,0.01296608,0
1506374572,22234036,3924.04,0.00580000,0
1506374560,22234030,3923.21,0.00589659,1
1506374536,22234007,3923.22,0.01851700,1
1506374525,22234004,3923.19,0.13886209,1
1506374491,22233999,3923.15,0.00635679,1
1506374456,22233989,3930.50,0.01998741,0
1506374456,22233988,3929.27,0.01011859,0
1506374427,22233980,3924.85,0.03625751,0
1506374425,22233979,3924.88,0.34261056,1
1506374406,22233973,3929.27,0.00407925,0
1506374367,22233963,3929.24,0.00361744,0
1506374360,22233962,3924.61,0.45879065,1
1506374358,22233961,3924.61,0.04777001,1
1506374340,22233955,3924.52,0.02054060,1
1506374335,22233931,3929.27,0.00680216,0
1506374305,22233925,3924.48,2.00000000,1
1506374291,22233923,3929.23,0.05956200,0
1506374288,22233922,3924.46,0.06873160,1
1506374260,22233918,3930.20,0.03147257,0
1506374192,22233891,3930.73,1.12279146,0
1506374192,22233890,3930.00,0.15000000,0
1506374192,22233889,3928.06,0.21007775,0
1506374192,22233888,3927.72,0.11507079,0
1506374174,22233886,3927.72,0.01892921,0
1506374171,22233885,3923.62,0.09215000,1
1506374148,22233879,3930.32,2.30400253,0
1506374130,22233876,3929.97,1.00000000,0
1506374130,22233875,3930.56,1.00000000,1
1506374116,22233871,3930.00,0.13300000,0
1506374116,22233869,3930.00,0.04356085,0
1506374111,22233868,3929.99,0.18800000,1
1506374110,22233867,3929.99,0.03816804,0
1506374083,22233862,3929.16,0.02941466,0
1506374081,22233861,3926.82,0.54321955,1
1506374078,22233860,3929.17,1.00000000,0
1506374075,22233858,3927.60,0.01944409,1
1506374073,22233856,3928.55,1.00000000,0
1506374066,22233854,3928.53,1.00000000,0
1506374060,22233850,3927.59,0.10137280,0
1506374052,22233848,3927.23,0.21300000,0
1506374043,22233847,3927.58,1.00000000,0
1506374010,22233837,3927.58,1.39792176,1
1506374008,22233836,3927.56,0.60207824,0
1506374002,22233835,3927.59,0.09797486,0
1506374002,22233834,3927.00,0.05047034,0
1506374002,22233833,3925.84,0.15155480,0
1506374000,22233831,3922.96,0.13600000,1
1506373985,22233819,3925.83,0.00295236,0
1506373947,22233806,3925.84,0.03594764,0
1506373947,22233805,3925.83,0.05024685,0
1506373943,22233804,3925.84,0.07349756,0
1506373942,22233803,3922.90,0.05024685,0
1506373934,22233801,3922.90,0.07909189,0
1506373906,22233797,3922.89,0.01175552,1
1506373900,22233791,3922.90,0.01469365,0
1506373890,22233777,3922.89,0.00797663,1
1506373870,22233771,3922.89,0.02174961,1
1506373867,22233765,3922.90,0.02939698,0
1506373862,22233763,3922.89,0.15000000,1
1506373856,22233753,3922.90,0.18254726,0
1506373853,22233752,3922.90,0.03847119,0
1506373829,22233746,3922.89,1.00000000,1
1506373826,22233744,3922.89,1.00000000,1
1506373805,22233734,3922.90,2.54510000,0
1506373803,22233731,3922.89,0.01428300,1
1506373800,22233725,3922.89,0.57355529,1
1506373792,22233720,3923.00,1.00000000,1
1506373792,22233719,3923.00,0.81155629,1
1506373787,22233716,3923.00,0.18844371,1
1506373785,22233712,3924.00,0.78143367,1
1506373772,22233698,3924.87,0.15520000,1
1506373770,22233695,3924.90,0.01973244,0
1506373766,22233692,3924.90,0.01670639,0
1506373765,22233690,3924.90,0.02401335,0
1506373765,22233689,3925.00,1.00000000,1
1506373765,22233688,3925.00,1.00000000,1
1506373764,22233687,3926.99,0.01973244,0
1506373763,22233683,3926.99,0.01670639,0
1506373756,22233681,3925.05,0.02800680,1
1506373743,22233668,3927.00,0.02200300,0
1506373695,22233652,3927.06,0.05111632,1
1506373695,22233651,3927.57,0.01555351,1
1506373690,22233648,3927.59,0.01468032,0
1506373684,22233644,3927.59,0.01467992,0
1506373683,22233643,3927.57,0.14725100,0
1506373677,22233640,3927.59,0.02278610,0
1506373677,22233636,3927.58,0.03819146,0
1506373676,22233629,3927.58,0.01380000,0
1506373675,22233611,3927.57,0.38908869,0
1506373675,22233610,3926.00,0.75934438,1
1506373675,22233609,3926.12,0.06156312,1
1506373675,22233608,3927.56,0.02706759,1
1506373658,22233586,3927.56,0.01384600,1
1506373654,22233582,3927.56,0.07795431,1
1506373649,22233581,3927.57,0.01200000,0
1506373648,22233580,3927.57,0.01380000,0
1506373614,22233569,3927.58,0.25331271,0
1506373608,22233566,3927.56,0.10800000,1
1506373607,22233565,3927.58,0.03047678,0
1506373591,22233562,3927.59,0.02100000,0
1506373570,22233552,3927.58,0.21412036,0
1506373564,22233545,3927.59,0.08850600,0
1506373562,22233544,3927.56,0.02776793,1
1506373562,22233543,3927.57,0.00448170,1
1506373553,22233538,3927.59,0.00900000,0
1506373530,22233532,3927.59,0.02300000,0
1506373527,22233530,3927.58,2.39880000,0
1506373510,22233518,3929.98,0.00700000,0
1506373483,22233511,3926.80,0.07328006,1
1506373482,22233510,3926.90,0.01846894,1
1506373476,22233509,3930.54,0.01468727,0
1506373473,22233507,3930.54,0.00214474,0
1506373463,22233505,3930.55,0.02056117,0
1506373443,22233498,3930.54,0.00750000,0
1506373421,22233497,3930.54,0.13362990,0
1506373409,22233496,3930.54,0.52000000,0
1506373394,22233492,3930.54,0.06667502,0
1506373394,22233491,3930.54,0.04188573,0
1506373382,22233488,3930.54,0.54802394,0
1506373370,22233484,3930.54,0.03028490,0
1506373365,22233483,3930.55,0.08000000,0
1506373328,22233464,3930.99,0.69350838,0
1506373325,22233456,3926.23,0.03202245,1
1506373310,22233447,3930.99,0.14885400,0
1506373286,22233442,3930.99,0.00467230,0
1506373277,22233440,3930.52,0.01444387,0
1506373277,22233439,3929.14,0.01630064,0
1506373277,22233438,3927.58,0.03600000,0
1506373263,22233431,3926.39,0.01082984,1
1506373263,22233430,3929.14,0.00724900,0
1506373257,22233429,3926.36,0.04400000,0
1506373246,22233424,3926.02,0.79000000,1
1506373240,22233420,3926.04,0.20450000,0
1506373214,22233415,3926.25,0.18562909,1
1506373207,22233411,3929.13,0.01265162,0
1506373206,22233409,3929.13,0.06907082,0
1506373203,22233408,3929.14,0.01000000,0
1506373186,22233403,3926.35,0.03301151,1
1506373170,22233386,3929.14,0.03600000,0
1506373168,22233385,3929.14,0.23745036,0
1506373164,22233382,3926.36,0.07553129,0
1506373143,22233372,3928.18,0.00750000,0
1506373121,22233360,3928.19,0.00300393,0
1506373119,22233358,3928.19,2.33100000,0
1506373114,22233355,3931.70,0.01666805,0
1506373106,22233353,3931.71,0.03795429,0
1506373106,22233352,3926.01,0.00540877,0
1506373105,22233350,3926.01,0.07463338,1
1506373095,22233345,3926.11,0.02800000,1
1506373094,22233344,3931.73,0.07463338,0
1506373051,22233325,3926.02,0.04946200,1
1506373051,22233324,3927.00,0.15000000,1
1506373049,22233322,3927.06,0.01422921,1
1506372991,22233264,3927.72,0.00628777,1
1506372970,22233255,3935.34,0.00742600,0
1506372965,22233252,3935.37,0.02937705,0
1506372935,22233230,3926.22,0.00963702,1
1506372934,22233229,3935.41,0.15224843,0
1506372918,22233223,3935.58,0.00382114,0
1506372909,22233218,3927.71,0.15710905,1
1506372899,22233214,3930.26,0.03296046,1
1506372880,22233207,3930.26,0.06703954,1
1506372880,22233206,3931.54,0.05975122,1
1506372872,22233204,3931.54,0.00984329,1
1506372872,22233203,3931.55,0.24133671,1
1506372868,22233199,3931.54,0.05677538,1
1506372868,22233198,3931.55,0.01715827,1
1506372857,22233179,3931.55,0.13674800,1
1506372856,22233178,3935.77,0.35510207,0
1506372856,22233177,3935.77,0.03811198,0
1506372856,22233176,3935.75,0.04300000,0
1506372844,22233171,3931.54,0.01303011,1
1506372844,22233170,3931.60,0.05500284,1
1506372844,22233168,3931.79,0.00760977,1
1506372823,22233161,3931.60,0.01250000,1
1506372799,22233129,3931.60,0.01659009,1
1506372797,22233113,3931.60,0.11471250,1
1506372783,22233108,3931.60,0.05734500,1
1506372777,22233106,3931.60,0.12648613,1
1506372777,22233105,3931.73,1.00000000,1
1506372777,22233104,3931.74,0.02273726,1
1506372764,22233102,3935.91,0.01999333,0
1506372755,22233101,3935.90,0.02344268,0
1506372743,22233090,3935.91,0.23133079,0
1506372743,22233089,3935.51,0.37300000,0
1506372743,22233088,3935.36,0.10900000,0
1506372741,22233087,3935.35,0.02930271,0
1506372726,22233074,3935.35,0.02686970,0
1506372725,22233073,3935.35,0.03811605,0
1506372687,22233054,3935.91,0.12703462,0
1506372685,22233052,3935.91,1.92564379,0
1506372685,22233051,3935.88,0.61415621,0
1506372676,22233044,3936.00,6.09475296,1
1506372674,22233042,3936.00,7.00000000,1
1506372673,22233041,3936.00,0.01724600,1
1506372672,22233040,3936.28,0.30701567,1
1506372672,22233039,3936.33,0.05433296,1
1506372672,22233037,3936.37,0.00986637,1
1506372630,22233005,3938.02,0.06662428,0
1506372625,22233001,3937.88,0.00249479,0
1506372615,22233000,3940.56,0.00764218,1
1506372610,22232999,3940.56,0.00615429,0
1506372609,22232998,3940.59,0.57478843,0
1506372600,22232995,3937.59,0.04649736,0
1506372600,22232994,3936.11,0.00320000,0
1506372580,22232990,3936.00,1.69915000,1
1506372577,22232988,3936.00,1.99499999,1
1506372565,22232986,3936.00,1.82787009,1
1506372565,22232985,3936.21,0.00921091,1
1506372561,22232983,3940.04,0.01286519,0
1506372556,22232980,3940.61,0.37968950,0
1506372555,22232979,3936.21,0.15297026,1
1506372555,22232977,3936.22,0.00894874,1
1506372546,22232973,3936.29,0.00918553,1
1506372546,22232972,3936.31,0.02279847,1
1506372543,22232971,3936.21,0.16000000,1
1506372536,22232968,3936.25,0.03198400,1
1506372528,22232967,3936.21,0.03598200,1
1506372521,22232965,3938.81,0.03423861,0
1506372521,22232964,3936.33,0.03500000,0
1506372518,22232962,3936.03,0.00587951,0
1506372505,22232958,3936.00,0.40804771,1
1506372496,22232956,3936.00,0.51201450,1
1506372495,22232955,3936.08,3.68798550,0
1506372488,22232954,3936.29,1.19940000,1
1506372459,22232945,3941.33,0.22850100,0
1506372451,22232943,3941.33,0.01656801,0
1506372451,22232942,3938.00,0.01382104,1
1506372449,22232939,3938.00,0.02025700,0
1506372428,22232924,3942.16,0.04718241,0
1506372427,22232923,3942.18,0.04718133,0
1506372398,22232915,3942.65,0.02538900,0
1506372387,22232914,3940.81,0.00999847,1
1506372373,22232906,3941.50,1.01231003,0
1506372372,22232905,3936.00,0.69974506,1
1506372360,22232900,3940.79,0.56326976,1
1506372360,22232899,3940.80,0.03127562,1
1506372360,22232897,3940.80,0.02195748,1
1506372346,22232851,3940.79,0.02073024,1
1506372341,22232847,3940.79,0.41600000,0
1506372334,22232846,3940.00,0.01250000,0
1506372329,22232843,3939.55,0.03100000,0
1506372324,22232840,3939.40,0.08600000,0
1506372323,22232838,3936.19,0.02655204,1
1506372323,22232837,3938.84,0.00362796,1
1506372317,22232835,3938.85,0.13846826,0
1506372316,22232834,3936.19,0.01053749,1
1506372309,22232832,3938.83,1.00000000,0
1506372307,22232831,3938.83,1.00000000,0
1506372305,22232830,3938.85,0.00303900,0
1506372304,22232829,3938.84,0.97250324,0
1506372294,22232820,3936.15,2.16890029,1
1506372294,22232819,3938.66,1.00000000,1
1506372288,22232815,3938.66,0.96191588,0
1506372288,22232814,3938.65,0.03808412,0
1506372243,22232782,3936.00,0.02639911,1
1506372243,22232781,3938.68,0.00377215,1
1506372229,22232775,3936.00,2.50000000,1
1506372222,22232773,3936.33,0.89675887,1
1506372217,22232772,3936.00,10.18884264,1
1506372217,22232771,3936.32,0.25902607,1
1506372216,22232770,3936.33,3.03250323,1
1506372215,22232769,3936.33,0.96749677,0
1506372210,22232766,3936.33,2.53780000,0
1506372196,22232758,3938.00,1.47295362,1
1506372185,22232757,3938.00,0.02704638,1
1506372185,22232756,3938.01,0.00856523,1
1506372173,22232753,3938.01,0.02800000,1
1506372158,22232751,3938.83,0.01286505,0
1506372130,22232743,3936.32,0.15872408,1
1506372129,22232742,3936.32,0.01465700,1
1506372124,22232737,3938.84,0.00750000,0
1506372123,22232736,3938.76,0.20294659,0
1506372121,22232735,3938.81,0.22108929,1
1506372118,22232733,3938.84,0.01999827,0
1506372111,22232731,3938.81,0.24082814,1
1506372108,22232730,3938.81,0.03808257,0
1506372095,22232725,3936.32,0.19379342,1
1506372067,22232710,3936.32,0.17379943,1
1506372067,22232708,3938.38,0.18038795,0
1506372065,22232707,3938.38,0.04581262,1
1506372046,22232698,3938.37,0.01008958,1
1506372041,22232694,3938.36,0.18105058,1
1506372027,22232692,3936.05,0.44900000,0
1506372018,22232674,3936.05,0.16887930,1
1506372013,22232666,3938.85,0.01241482,0
1506372012,22232663,3938.85,0.00607792,0
1506372011,22232657,3938.84,0.00007928,0
1506372005,22232654,3938.84,0.01620300,0
1506372003,22232650,3938.84,0.02180000,0
1506371989,22232644,3936.03,0.00343436,1
1506371982,22232638,3936.73,0.03000000,1
1506371977,22232636,3938.83,0.13674841,0
1506371957,22232633,3936.70,0.04335373,1
1506371950,22232629,3937.01,0.01727200,1
1506371948,22232625,3936.85,0.82513690,0
1506371948,22232624,3937.00,2.13797645,1
1506371946,22232623,3937.01,0.03688665,1
1506371939,22232618,3937.01,0.03000000,1
1506371939,22232616,3937.01,0.02015213,1
1506371928,22232609,3936.59,0.11500000,0
1506371928,22232608,3936.05,0.16000000,0
1506371928,22232607,3936.03,0.01909481,0
1506371927,22232606,3936.02,0.01947247,1
1506371926,22232604,3936.02,0.03000000,1
1506371900,22232591,3936.01,2.53660000,1
1506371890,22232589,3936.01,0.03810985,1
1506371883,22232584,3936.00,4.00000000,1
1506371883,22232583,3936.00,4.00000000,1
1506371879,22232582,3936.00,5.00000000,0
1506371879,22232581,3935.99,4.00000000,0
1506371879,22232580,3933.25,0.03093194,0
1506371879,22232579,3933.25,0.01906806,1
1506371871,22232572,3930.79,0.73499902,1
1506371869,22232571,3930.84,0.33057674,0
1506371868,22232570,3932.96,0.15400000,1
1506371868,22232569,3932.96,3.07044836,0
1506371868,22232568,3933.20,0.14000000,1
1506371866,22232559,3934.75,0.30497490,1
1506371857,22232551,3937.19,0.12688311,0
1506371857,22232550,3937.18,0.15108117,0
1506371857,22232548,3937.18,0.00560157,0
1506371856,22232547,3937.17,0.03189843,0
1506371852,22232545,3933.20,0.10000000,1
1506371838,22232539,3937.17,0.00220000,0
1506371836,22232538,3937.17,0.00400000,0
1506371795,22232529,3935.68,0.05696345,0
1506371791,22232527,3933.20,0.00704013,1
1506371790,22232526,3937.18,0.00331726,0
1506371786,22232523,3936.69,0.17000000,0
1506371784,22232521,3937.19,0.02411689,0
1506371784,22232520,3936.01,0.03810966,0
1506371784,22232519,3935.71,0.03000000,0
1506371781,22232517,3933.07,0.17057280,0
1506371781,22232516,3933.07,0.00600000,0
1506371776,22232510,3933.05,0.12850000,1
1506371776,22232509,3933.07,0.87150000,1
1506371774,22232507,3933.07,1.00000000,1
1506371767,22232504,3933.16,0.01220270,1
1506371766,22232500,3934.41,0.02097328,1
1506371763,22232495,3934.42,0.12850000,1
1506371762,22232494,3934.44,0.87150000,1
1506371760,22232491,3934.42,1.00000000,1
1506371757,22232489,3936.02,0.00204510,0
1506371757,22232488,3936.02,0.18859641,0
1506371756,22232484,3936.02,0.04231707,0
1506371755,22232483,3936.03,0.16205278,0
1506371751,22232473,3936.03,0.37477028,0
1506371751,22232470,3936.03,0.17996012,0
1506371750,22232467,3937.62,0.09088176,0
1506371748,22232466,3936.00,0.01885000,0
1506371748,22232465,3936.00,0.39800000,0
1506371747,22232463,3935.07,0.15935185,1
1506371746,22232458,3936.00,0.15220000,1
1506371744,22232451,3937.63,0.09860725,0
1506371743,22232449,3937.63,0.00291860,0
1506371740,22232436,3936.01,1.00000000,1
1506371737,22232429,3940.08,0.10204493,0
1506371728,22232413,3936.00,0.84780000,1
1506371728,22232412,3936.00,1.00000000,1
1506371728,22232411,3938.95,0.14720000,1
1506371727,22232410,3942.29,0.49735000,1
1506371726,22232408,3942.30,0.14796624,0
1506371717,22232390,3945.32,0.10977618,1
1506371715,22232385,3945.29,0.02174382,0
1506371713,22232383,3942.30,1.00000000,1
1506371711,22232376,3942.30,1.00000000,1
1506371709,22232372,3945.32,0.00523384,0
1506371701,22232355,3942.29,0.00265000,1
1506371701,22232349,3950.72,0.55873415,0
1506371700,22232344,3949.63,0.08557344,1
1506371700,22232342,3949.63,1.00000000,1
1506371698,22232336,3946.57,0.85569241,0
1506371698,22232335,3945.32,1.00000000,1
1506371692,22232306,3949.67,0.23657073,1
1506371683,22232303,3949.70,0.02699192,1
1506371681,22232302,3950.01,1.00000000,1
1506371677,22232300,3953.44,3.91191996,0
1506371677,22232299,3952.89,0.76127951,0
1506371677,22232298,3952.81,0.32680053,0
1506371676,22232296,3953.01,1.66083389,1
1506371676,22232295,3952.92,0.13707902,0
1506371676,22232294,3950.02,0.20208709,0
1506371673,22232289,3952.82,0.06676593,0
1506371673,22232288,3950.02,0.08557344,1
1506371672,22232287,3950.02,1.00000000,1
1506371670,22232285,3950.00,0.47140000,0
1506371668,22232279,3950.00,7.00000000,0
1506371665,22232277,3950.01,2.52860000,1
1506371653,22232255,3952.92,0.00292098,0
1506371653,22232254,3949.68,0.16678744,1
1506371649,22232243,3949.68,2.99850000,1
1506371646,22232237,3954.51,1.88610000,0
1506371643,22232228,3955.82,0.09242653,0
1506371643,22232227,3954.52,0.00999847,0
1506371641,22232225,3949.68,0.61376965,1
1506371636,22232208,3955.82,0.26268626,0
1506371636,22232207,3955.75,0.00999847,0
1506371636,22232204,3952.89,0.14000000,0
1506371636,22232202,3952.64,0.02533583,0
1506371633,22232197,3950.17,0.01542712,0
1506371629,22232183,3954.17,0.62305250,1
1506371628,22232180,3954.17,0.02999847,1
1506371627,22232179,3953.00,0.16900000,0
1506371627,22232178,3952.81,4.00000000,0
1506371627,22232177,3952.68,0.14000000,0
1506371627,22232176,3952.67,0.03794903,0
1506371625,22232174,3950.00,0.88335751,0
1506371625,22232173,3950.00,4.00000000,0
1506371622,22232169,3950.00,0.96700000,1
1506371622,22232168,3950.00,4.16961825,1
1506371622,22232167,3950.16,0.34418191,1
1506371622,22232166,3950.20,1.00150000,1
1506371622,22232165,3950.20,2.99850000,1
1506371608,22232140,3950.17,0.13536754,1
1506371608,22232139,3950.18,0.03795913,1
1506371601,22232127,3952.00,0.01065295,0
1506371600,22232125,3951.99,0.03795556,0
1506371598,22232122,3950.16,0.06042132,1
1506371593,22232105,3950.16,0.01969925,1
1506371583,22232079,3950.16,0.02103644,1
1506371575,22232059,3950.04,0.23688150,1
1506371575,22232058,3952.00,0.00388886,0
1506371574,22232057,3952.00,0.36435587,0
1506371571,22232056,3950.00,0.17849119,1
1506371570,22232054,3950.00,0.08844534,0
1506371561,22232035,3949.67,0.06392347,1
1506371560,22232034,3949.67,0.16102628,1
1506371558,22232033,3949.77,0.01373541,1
1506371558,22232032,3949.77,0.02190000,1
1506371557,22232031,3949.77,0.02190000,1
1506371557,22232030,3949.77,0.01896364,1
1506371557,22232029,3949.77,0.01896364,1
1506371555,22232027,3949.67,0.62316711,1
1506371555,22232026,3950.00,0.20000000,1
1506371550,22232022,3949.67,0.56672708,1
1506371550,22232020,3950.02,0.01241379,1
1506371547,22232018,3955.82,3.16948445,1
1506371547,22232017,3955.82,1.00000000,1
1506371546,22232016,3955.28,0.00202009,0
1506371546,22232013,3950.00,0.02670000,1
1506371546,22232012,3950.00,0.02670000,1
1506371546,22232011,3950.00,0.03000000,1
1506371545,22232010,3950.00,0.03000000,1
1506371545,22232009,3950.00,0.03000000,1
1506371545,22232008,3950.00,0.03000000,1
1506371544,22232007,3950.00,0.06435045,0
1506371538,22232001,3951.97,0.04510051,1
1506371538,22231998,3951.97,0.20500000,0
1506371535,22231993,3950.01,1.00000000,1
1506371534,22231990,3949.67,0.14619942,0
1506371534,22231989,3950.00,0.76112178,1
1506371534,22231988,3950.01,4.00000000,1
1506371534,22231986,3950.01,0.09267880,1
1506371532,22231984,3954.56,0.31442316,0
1506371532,22231983,3950.00,0.01265800,1
1506371530,22231979,3954.02,0.00894758,0
1506371530,22231978,3954.02,0.09821791,0
1506371529,22231976,3950.00,0.02739430,1
1506371528,22231973,3950.01,0.14000000,1
1506371526,22231964,3953.26,0.13857182,0
1506371523,22231957,3950.00,0.04619163,1
1506371523,22231956,3950.03,0.01439847,1
1506371522,22231947,3950.00,0.04240153,1
1506371522,22231946,3950.01,0.00959847,1
1506371521,22231945,3953.26,2.46192818,0
1506371521,22231944,3953.26,0.79838100,0
1506371521,22231943,3953.24,0.87150000,0
1506371521,22231942,3953.03,0.14447093,0
1506371520,22231941,3952.10,0.00802903,0
1506371520,22231938,3951.36,0.00204080,0
1506371520,22231937,3951.00,0.71365006,0
1506371520,22231936,3950.00,3.89283451,1
1506371519,22231935,3950.00,0.05676780,1
1506371518,22231934,3950.00,0.06008400,1
1506371517,22231929,3950.00,0.01000000,0
1506371517,22231928,3950.00,0.50000000,0
1506371517,22231927,3950.00,0.01300000,0
1506371517,22231926,3950.00,0.06100000,0
1506371516,22231925,3950.00,0.00500000,0
1506371516,22231924,3950.00,3.00000000,0
1506371516,22231923,3950.00,0.50000000,0
1506371516,22231922,3950.00,0.10000000,0
1506371516,22231921,3949.99,0.10716549,0
1506371516,22231920,3947.48,0.05255753,1
1506371516,22231919,3949.71,0.03539847,1
1506371515,22231918,3949.99,0.76194803,1
1506371515,22231917,3949.99,3.13088648,1
1506371513,22231914,3949.99,0.01500000,1
1506371508,22231912,3949.99,0.14000000,1
1506371504,22231909,3949.67,0.25615632,1
1506371504,22231908,3950.00,5.76627486,0
1506371502,22231906,3950.00,0.23372514,0
1506371502,22231905,3949.95,0.05377000,0
1506371502,22231903,3949.68,0.50000000,0
1506371500,22231893,3949.67,0.02837370,1
1506371500,22231891,3949.67,0.13766096,1
1506371499,22231889,3945.19,0.05966400,1
1506371498,22231887,3945.19,0.07222097,1
1506371494,22231880,3946.97,1.30000000,1
1506371491,22231879,3945.18,0.08989876,0
1506371489,22231875,3942.31,0.14000000,1
1506371488,22231874,3945.18,0.77214235,1
1506371488,22231873,3946.98,0.55599724,1
1506371488,22231872,3949.66,0.09451446,0
1506371488,22231871,3949.66,0.25259808,0
1506371487,22231870,3948.00,0.01000000,0
1506371487,22231868,3947.73,0.20900000,0
1506371487,22231866,3947.44,0.15890000,0
1506371487,22231864,3947.43,0.26000000,0
1506371487,22231862,3946.98,0.07000000,0
1506371486,22231860,3945.61,0.00204079,0
1506371486,22231858,3945.31,0.79817835,0
1506371486,22231857,3945.19,0.00202527,0
1506371484,22231849,3945.18,0.40325410,1
1506371481,22231845,3945.18,0.89424047,1
1506371477,22231837,3942.29,0.70238039,1
1506371476,22231833,3943.00,0.07373696,0
1506371476,22231832,3943.00,0.28000000,0
1506371476,22231831,3942.50,1.41286009,0
1506371473,22231823,3942.50,5.00000000,0
1506371472,22231822,3942.50,7.00000000,0
1506371471,22231820,3942.50,5.00000000,0
1506371471,22231818,3942.50,14.50000000,0
1506371470,22231817,3942.50,7.00000000,0
1506371470,22231815,3942.50,2.67804922,0
1506371470,22231814,3942.50,0.31184313,0
1506371469,22231813,3942.03,0.14000000,1
1506371469,22231811,3942.50,1.05621783,0
1506371468,22231808,3942.50,6.04102973,0
1506371468,22231807,3942.36,0.02105338,0
1506371468,22231806,3942.30,0.93791689,0
1506371466,22231803,3940.79,0.01300000,0
1506371464,22231799,3940.60,0.24600000,0
1506371461,22231792,3940.49,0.03000000,0
1506371460,22231791,3940.00,0.15000000,0
1506371460,22231790,3940.00,3.60000000,0
1506371460,22231789,3939.86,0.00205078,0
1506371459,22231787,3939.84,0.06500000,0
1506371459,22231786,3939.77,0.14000000,0
1506371459,22231785,3939.50,0.80000000,0
1506371458,22231784,3939.27,1.53612005,0
1506371458,22231783,3939.27,0.46387995,0
1506371458,22231782,3939.00,0.19040373,0
1506371457,22231781,3938.83,2.97765536,0
1506371455,22231779,3938.65,5.00000000,0
1506371446,22231758,3937.27,0.23067780,1
1506371442,22231752,3938.62,0.03000000,0
1506371441,22231749,3938.62,0.12663079,0
1506371429,22231715,3937.27,0.12000000,1
1506371428,22231714,3937.27,1.25326328,1
1506371428,22231713,3937.27,0.09358924,1
1506371428,22231712,3937.27,1.18000000,1
1506371424,22231710,3937.26,1.28835550,1
1506371421,22231706,3937.28,0.54486057,1
1506371412,22231695,3938.63,0.00615994,0
1506371410,22231693,3936.62,0.02500000,1
1506371408,22231689,3936.62,0.12000000,1
1506371406,22231688,3934.58,0.00043705,1
1506371406,22231687,3937.11,0.06253145,1
1506371397,22231682,3934.59,2.98928615,1
1506371397,22231681,3934.59,0.00921385,1
1506371389,22231680,3935.18,0.12000000,0
1506371383,22231671,3937.09,0.12921385,0
1506371380,22231670,3937.08,0.12921385,0
1506371380,22231669,3937.08,0.29827887,0
1506371379,22231668,3934.58,0.51374300,1
1506371369,22231660,3932.80,0.12000000,1
1506371361,22231653,3933.47,0.30800000,0
1506371360,22231651,3932.77,0.10094950,1
1506371358,22231649,3932.77,0.03814212,1
1506371355,22231646,3932.67,0.12000000,0
1506371355,22231645,3932.66,0.03064212,0
1506371352,22231643,3930.36,0.00249900,1
1506371343,22231639,3932.66,0.00750000,0
1506371312,22231609,3930.34,0.01833036,1
1506371306,22231607,3930.34,0.03470000,1
1506371290,22231602,3930.34,0.20389800,1
1506371289,22231599,3930.34,0.05968087,1
1506371289,22231598,3930.35,0.06031913,1
1506371286,22231597,3937.09,0.02248615,0
1506371286,22231596,3936.00,0.03184210,0
1506371286,22231595,3936.00,0.01100000,0
1506371286,22231594,3936.00,0.00509530,0
1506371286,22231593,3935.46,0.02109028,0
1506371285,22231590,3935.10,0.00203046,0
1506371285,22231589,3935.00,0.11066630,0
1506371284,22231588,3933.00,0.05873000,0
1506371283,22231585,3933.00,0.01947000,0
1506371275,22231579,3930.87,0.40730000,0
1506371274,22231578,3930.87,0.05000000,0
1506371271,22231577,3927.91,0.12000000,0
1506371257,22231574,3931.20,0.04514539,0
1506371257,22231573,3930.89,0.85833609,0
1506371257,22231572,3930.72,0.21490000,0
1506371257,22231571,3927.51,0.03690852,0
1506371232,22231545,3927.51,0.08309148,0
1506371232,22231544,3927.50,0.03819223,0
1506371230,22231543,3924.15,1.87491192,1
1506371230,22231541,3924.16,0.08004165,1
1506371225,22231538,3924.14,0.01995835,1
1506371193,22231519,3924.07,0.35678547,1
1506371147,22231495,3924.90,0.59130000,1
1506371127,22231485,3931.92,0.20806915,0
1506371077,22231476,3931.95,0.39945956,0
1506371077,22231475,3931.42,0.10000000,0
1506371074,22231474,3929.22,0.02433870,1
1506371066,22231471,3929.21,0.21920275,1
1506371065,22231470,3933.00,0.02668036,1
1506371065,22231469,3933.01,0.04718661,1
1506371064,22231467,3933.00,0.03481748,1
1506371055,22231465,3933.00,0.03498250,1
1506371054,22231464,3935.00,0.13728047,0
1506371052,22231462,3933.00,0.08887716,1
1506371049,22231459,3933.00,0.10000000,1
1506371045,22231455,3933.00,0.71464250,1
1506371043,22231453,3935.00,0.00205323,0
1506371043,22231452,3934.11,0.00205077,0
1506371043,22231451,3933.00,0.01772000,0
1506371038,22231449,3931.26,1.00000000,0
1506371036,22231428,3929.21,0.99950000,1
1506371036,22231427,3931.28,0.98900000,1
1506371035,22231426,3931.28,0.01100000,0
1506371034,22231425,3931.27,0.75870822,1
1506371029,22231420,3928.58,0.10000000,1
1506371028,22231417,3931.27,1.00000000,0
1506371027,22231416,3927.01,2.99850000,1
1506371026,22231415,3927.01,0.00764100,1
1506371025,22231414,3929.62,1.00000000,0
1506371022,22231413,3928.57,0.15842363,1
1506371016,22231412,3925.34,0.10000000,0
1506371010,22231411,3924.00,0.21856633,1
1506371005,22231410,3925.22,2.16300000,1
1506370983,22231403,3925.21,0.02900000,1
1506370960,22231398,3923.21,0.74411930,1
1506370956,22231396,3923.03,0.89955000,1
1506370955,22231395,3933.00,1.00000000,1
1506370955,22231394,3933.00,0.15773201,1
1506370952,22231392,3933.00,0.74226799,1
1506370951,22231388,3928.25,0.10000000,0
1506370949,22231387,3933.68,0.00000254,1
1506370949,22231386,3931.62,0.99999746,0
1506370948,22231385,3923.95,1.96990000,1
1506370948,22231384,3923.74,0.65454277,0
1506370947,22231381,3923.74,1.45145723,0
1506370946,22231377,3923.02,0.08340761,1
1506370945,22231376,3923.94,0.03053539,1
1506370945,22231374,3923.94,0.02400000,1
1506370945,22231373,3929.31,1.00000000,0
1506370941,22231368,3930.81,0.01495621,0
1506370941,22231367,3923.93,0.03822718,1
1506370939,22231364,3930.81,0.01500000,0
1506370939,22231363,3929.32,0.87150000,0
1506370933,22231358,3923.92,0.10000000,0
1506370924,22231354,3931.41,0.01000000,0
1506370916,22231353,3926.15,0.07331350,1
1506370916,22231352,3926.15,0.11668391,1
1506370912,22231351,3922.49,3.22390000,1
1506370909,22231350,3921.81,0.10000000,0
1506370906,22231349,3919.91,0.03255836,1
1506370900,22231348,3921.85,0.06090000,1
1506370900,22231347,3921.90,1.00000000,1
1506370896,22231346,3921.81,0.71520000,1
1506370889,22231345,3921.72,0.10000000,1
1506370879,22231341,3933.82,0.10538258,1
1506370878,22231340,3933.76,0.12800000,0
1506370878,22231339,3933.69,0.76661742,0
1506370876,22231337,3923.72,0.39480250,1
1506370870,22231334,3930.00,0.56465903,0
1506370870,22231333,3929.54,0.01800000,0
1506370870,22231332,3922.43,0.02200000,0
1506370869,22231331,3921.74,0.10000000,1
1506370865,22231329,3921.71,0.10000000,0
1506370864,22231328,3921.69,0.00215893,0
1506370847,22231322,3929.16,0.00500000,0
1506370842,22231320,3929.18,0.00500000,0
1506370813,22231316,3929.91,0.00618094,1
1506370813,22231315,3929.91,0.55181508,1
1506370811,22231314,3923.65,0.02300000,0
1506370800,22231288,3919.60,0.32460725,1
1506370800,22231287,3919.66,0.17539275,1
1506370789,22231286,3926.49,1.49351389,0
1506370788,22231285,3925.07,0.02600000,0
1506370788,22231284,3923.80,1.02173057,0
1506370788,22231282,3923.80,0.50824889,0
1506370787,22231281,3923.80,0.47002054,0
1506370787,22231280,3923.79,0.03822835,0
1506370774,22231273,3923.79,0.22464601,0
1506370773,22231272,3923.79,0.32920805,0
1506370773,22231271,3923.79,0.47001977,0
1506370773,22231270,3923.71,0.03822912,0
1506370745,22231265,3919.25,0.99890158,1
1506370727,22231262,3919.18,0.06368250,1
1506370726,22231261,3923.15,0.88943556,0
1506370708,22231259,3919.18,0.04259445,1
1506370703,22231256,3923.13,0.01467824,0
1506370655,22231242,3923.26,0.00377533,0
1506370634,22231239,3919.18,0.03898292,1
1506370614,22231237,3925.20,0.50000000,0
1506370612,22231234,3925.23,2.54740000,0
1506370608,22231229,3925.51,0.00187564,1
1506370602,22231225,3919.80,2.92090155,1
1506370601,22231224,3921.55,0.07759845,1
1506370592,22231221,3927.49,2.52714488,1
1506370591,22231220,3928.40,0.00059062,1
1506370585,22231214,3928.41,0.02123434,1
1506370580,22231213,3928.40,1.51924000,1
1506370569,22231211,3928.40,2.99850000,1
1506370567,22231210,3930.00,0.00534097,0
1506370566,22231209,3928.40,0.03800000,1
1506370565,22231208,3928.40,1.38966938,1
1506370563,22231207,3928.16,4.00000000,0
1506370563,22231206,3925.51,0.05400000,0
1506370548,22231203,3924.33,1.00000000,0
1506370547,22231201,3924.34,0.00515776,1
1506370547,22231200,3924.34,0.34923185,1
1506370545,22231198,3924.34,0.12940000,0
1506370507,22231191,3924.33,1.00000000,0
1506370505,22231190,3915.87,0.50000000,1
1506370505,22231189,3924.08,1.00000000,1
1506370497,22231188,3923.01,0.04000000,0
1506370490,22231186,3921.46,1.00000000,0
1506370479,22231181,3919.00,0.02316800,0
1506370465,22231179,3918.41,0.05200000,0
1506370425,22231173,3913.70,0.94630000,1
1506370425,22231172,3913.87,2.55370000,1
1506370425,22231171,3913.94,1.00000000,1
1506370389,22231164,3920.49,1.00000000,0
1506370387,22231163,3920.53,0.95300000,1
1506370386,22231162,3920.53,0.04700000,0
1506370366,22231116,3920.50,1.00000000,0
1506370365,22231115,3920.51,1.00000000,1
1506370361,22231112,3920.51,1.00000000,0
1506370357,22231111,3917.08,1.55310000,0
1506370356,22231110,3919.23,1.00000000,1
1506370350,22231099,3919.23,1.00000000,0
1506370348,22231098,3919.23,1.00000000,0
1506370346,22231097,3917.10,1.00000000,0
1506370343,22231096,3919.24,1.00000000,0
1506370338,22231094,3913.62,0.28938801,0
1506370330,22231093,3913.61,0.03832778,0
1506370330,22231092,3913.44,0.04400000,0
1506370325,22231091,3913.02,1.00000000,0
1506370286,22231088,3913.62,0.01321213,0
1506370276,22231084,3911.85,0.12700000,1
1506370275,22231082,3911.85,1.00000000,1
1506370274,22231081,3911.81,0.12850000,0
1506370273,22231079,3911.84,0.87150000,1
1506370263,22231076,3912.55,0.05000000,1
1506370255,22231073,3912.58,0.02109028,1
1506370253,22231072,3912.59,1.00000000,1
1506370251,22231071,3912.59,0.52259924,1
1506370251,22231070,3912.59,1.00000000,1
1506370246,22231069,3915.54,0.53827112,0
1506370243,22231068,3913.00,0.10000000,1
1506370241,22231067,3913.62,0.04013604,0
1506370238,22231066,3913.62,0.05000000,1
1506370235,22231064,3919.99,0.02160821,0
1506370229,22231061,3920.00,5.04845275,1
1506370228,22231060,3920.00,1.00000000,1
1506370228,22231059,3920.00,0.00650348,1
1506370225,22231058,3920.00,12.11446841,1
