date,tid,price,amount,type
1506383700,22239317,0.07529387,0.32007800,0
1506383644,22239305,0.07524992,0.12117600,1
1506383642,22239303,0.07524000,0.19900000,0
1506383314,22239246,0.07509100,0.16289739,1
1506383313,22239245,0.07513000,0.19900000,1
1506382946,22239162,0.07535540,0.81052227,0
1506382861,22239137,0.07529495,0.19168200,0
1506382631,22239026,0.07508700,0.29900000,0
1506382630,22239025,0.07508700,5.00000000,1
1506382630,22239024,0.07512020,0.20100000,1
1506382371,22238967,0.07526470,0.20105100,0
1506382359,22238961,0.07520000,0.29894916,0
1506382175,22238930,0.07518997,0.19010600,1
1506382149,22238922,0.07500000,0.29900000,1
1506382148,22238921,0.07500003,2.66000000,1
1506381836,22238866,0.07503113,5.52419600,1
1506381834,22238862,0.07503115,3.04584200,1
1506381760,22238852,0.07519000,0.29799500,0
1506381748,22238847,0.07519997,2.19519400,0
1506381685,22238831,0.07515600,11.10063000,0
1506381615,22238815,0.07499008,6.39948844,1
1506381612,22238807,0.07499010,6.39815032,1
1506381607,22238800,0.07499006,6.83765110,0
1506381607,22238799,0.07496020,2.30638400,1
1506381607,22238798,0.07496020,8.32645100,1
1506381606,22238796,0.07496020,2.30638400,1
1506381576,22238774,0.07499003,6.39826400,0
1506381575,22238772,0.07499000,0.29800000,1
1506381547,22238746,0.07497003,0.49941000,1
1506381511,22238719,0.07504700,5.00000000,1
1506381480,22238686,0.07521995,0.40295900,0
1506380813,22238436,0.07512600,0.94056400,0
1506380813,22238435,0.07512590,8.83683000,0
1506380805,22238434,0.07504015,1.47821105,0
1506380749,22238426,0.07504015,0.15577000,0
1506380723,22238414,0.07504015,0.10000000,0
1506380623,22238326,0.07504015,8.83683000,1
1506380409,22238246,0.07514200,2.43904090,0
1506380409,22238245,0.07514184,13.73532510,0
1506380403,22238240,0.07514200,5.00000000,0
1506380403,22238239,0.07510000,0.15000000,0
1506380403,22238238,0.07509929,1.45668900,0
1506380403,22238237,0.07509929,0.88553000,0
1506380402,22238236,0.07509929,2.91654395,0
1506380402,22238235,0.07509928,1.63453501,0
1506380311,22238174,0.07494264,1.08085900,1
1506380310,22238169,0.07494264,7.57181805,1
1506380310,22238168,0.07494265,1.26507295,1
1506380309,22238167,0.07494265,1.65147100,1
1506380308,22238165,0.07494264,8.83689100,1
1506380282,22238144,0.07509976,0.30000000,1
1506380255,22238118,0.07494246,2.83273800,1
1506380254,22238115,0.07494245,7.61490800,1
1506380253,22238112,0.07494245,2.89610300,1
1506380252,22238110,0.07494245,5.33697500,1
1506380251,22238108,0.07494244,2.89610300,1
1506380230,22238071,0.07494232,0.41867159,1
1506380230,22238070,0.07494232,2.48462000,1
1506380228,22238065,0.07494231,2.43895800,1
1506380227,22238064,0.07494231,0.27158400,1
1506380225,22238059,0.07494230,1.38583738,1
1506380223,22238058,0.07494230,3.35435300,1
1506380222,22238055,0.07494229,6.39770400,1
1506380219,22238047,0.07494228,4.09653100,1
1506380218,22238046,0.07494228,0.41867288,1
1506380218,22238045,0.07494228,2.43869800,1
1506380216,22238042,0.07494227,6.39772500,1
1506380207,22238033,0.07509999,1.40490600,0
1506380165,22238013,0.07493124,0.18553000,1
1506380153,22237998,0.07493069,4.38915395,1
1506380153,22237997,0.07493069,1.63453501,1
1506380152,22237990,0.07505000,2.10000000,0
1506380151,22237989,0.07493068,6.02005641,1
1506380148,22237981,0.07497127,2.80490800,0
1506380141,22237969,0.07492542,6.17736387,1
1506380140,22237965,0.07496000,0.19910000,0
1506380134,22237955,0.07497127,4.72070300,0
1506380132,22237950,0.07503015,1.45668900,1
1506380131,22237948,0.07503015,1.76225323,1
1506380130,22237947,0.07503016,0.20633209,1
1506380130,22237946,0.07503022,1.52884100,1
1506380130,22237944,0.07503022,1.45668900,1
1506380121,22237925,0.07504005,1.75125400,0
1506380119,22237919,0.07504400,4.50300300,1
1506380119,22237918,0.07504400,0.49699700,1
1506380119,22237917,0.07505000,0.19910000,1
1506380117,22237913,0.07504006,7.07247200,1
1506380116,22237908,0.07504005,3.73415000,1
1506380115,22237905,0.07504005,9.96428600,1
1506380114,22237899,0.07504005,6.37637500,1
1506380113,22237897,0.07504004,2.98545936,1
1506380113,22237896,0.07504004,4.33151323,1
1506380113,22237893,0.07504004,0.19902719,1
1506380112,22237891,0.07504007,6.17927700,1
1506380104,22237872,0.07521000,5.00000000,0
1506380103,22237870,0.07511503,0.19703487,0
1506380093,22237856,0.07511503,0.19715310,0
1506380093,22237854,0.07511503,8.97472850,0
1506380093,22237853,0.07511024,0.18988636,0
1506380081,22237848,0.07511024,0.19000000,1
1506380080,22237844,0.07511025,2.46284690,1
1506380080,22237843,0.07511025,0.19715310,1
1506380080,22237842,0.07511500,0.09984690,1
1506380078,22237839,0.07511500,4.90015310,1
1506380059,22237829,0.07529197,10.35105831,0
1506380059,22237828,0.07528000,0.29690569,0
1506380043,22237817,0.07511007,0.10000000,1
1506380042,22237813,0.07529197,0.38033148,1
1506380042,22237812,0.07524999,0.17955232,1
1506380040,22237811,0.07524999,0.19011620,0
1506379984,22237792,0.07523723,0.00011642,0
1506379983,22237789,0.07523722,2.81140944,1
1506379982,22237786,0.07523722,0.18847414,0
1506379912,22237770,0.07510044,0.27091723,1
1506379864,22237731,0.07507011,0.10956541,1
1506379808,22237711,0.07513800,0.23942400,0
1506379800,22237709,0.07513100,5.00000000,0
1506379800,22237708,0.07510597,1.65356494,0
1506379800,22237707,0.07510597,0.12999562,0
1506379712,22237673,0.07495519,0.18032910,1
1506379703,22237668,0.07510595,0.06106847,0
1506379703,22237667,0.07510595,0.16949853,0
1506379695,22237666,0.07510595,0.14972800,0
1506379695,22237665,0.07510595,0.86204700,0
1506379377,22237546,0.07510597,0.00000062,1
1506379376,22237545,0.07510597,2.86044500,1
1506379375,22237544,0.07510597,0.12999500,1
1506379372,22237538,0.07506355,3.34842138,0
1506379372,22237537,0.07505216,0.31930600,0
1506379371,22237536,0.07505216,0.99203200,0
1506379282,22237500,0.07506900,0.49857693,1
1506379281,22237498,0.07506900,0.94273724,1
1506379281,22237497,0.07505803,3.23946000,0
1506379281,22237496,0.07499672,0.31922583,0
1506379262,22237485,0.07521692,0.50000000,0
1506379201,22237458,0.07506300,1.49814000,1
1506379142,22237452,0.07519997,1.60000000,0
1506378991,22237426,0.07509700,5.00000000,0
1506378982,22237423,0.07499672,5.72406800,0
1506378884,22237357,0.07503015,6.45043000,0
1506378884,22237356,0.07501203,1.04509500,0
1506378469,22237214,0.07507000,0.29690569,1
1506378328,22237131,0.07518039,1.36976716,0
1506378268,22237101,0.07510000,0.17804900,0
1506378118,22237066,0.07492273,5.65901100,1
1506378116,22237064,0.07492269,2.49553300,1
1506377954,22236959,0.07507999,0.27000000,0
1506377954,22236958,0.07507999,1.36976697,0
1506377948,22236954,0.07493000,0.17804900,1
1506377946,22236947,0.07492015,2.49553300,1
1506377904,22236917,0.07503108,0.95079300,0
1506377904,22236916,0.07503108,1.04420300,0
1506377807,22236854,0.07503108,0.14000000,0
1506377804,22236851,0.07495706,0.54000000,0
1506377803,22236849,0.07495701,0.53674900,1
1506377800,22236845,0.07495701,0.29700000,1
1506377794,22236839,0.07495706,1.22779600,1
1506377789,22236835,0.07503108,3.30139911,1
1506377778,22236824,0.07503108,0.50207200,1
1506377776,22236822,0.07503108,1.30517700,1
1506377770,22236814,0.07503108,2.63706800,1
1506377769,22236809,0.07503108,4.40226904,1
1506377766,22236805,0.07503108,1.45239600,1
1506377763,22236801,0.07503111,1.45224100,1
1506377721,22236780,0.07505700,0.99316500,1
1506377721,22236779,0.07505700,0.67683500,1
1506377721,22236778,0.07505700,0.99000000,1
1506377700,22236758,0.07505004,0.99316500,1
1506377700,22236756,0.07511000,0.29700000,1
1506377688,22236739,0.07513003,0.07538569,1
1506377643,22236712,0.07531100,1.17822205,1
1506377643,22236711,0.07530000,0.29600000,0
1506377641,22236710,0.07529997,8.52577795,0
1506377608,22236674,0.07518039,1.98217200,0
1506377579,22236646,0.07503108,1.05961885,1
1506377556,22236628,0.07504009,0.59278100,1
1506377556,22236627,0.07505000,0.29600000,1
1506377549,22236624,0.07504015,0.88519300,1
1506377527,22236612,0.07518039,11.97104600,0
1506377427,22236520,0.07508003,5.21490200,0
1506377403,22236498,0.07503108,1.81672754,0
1506377281,22236441,0.07503108,0.07465346,0
1506377218,22236398,0.07495660,0.82869288,1
1506377209,22236389,0.07495658,0.24025000,1
1506377157,22236321,0.07495631,0.71775065,1
1506377156,22236318,0.07495631,0.81422803,1
1506377154,22236315,0.07495630,0.35208785,1
1506377085,22236258,0.07495540,1.89138136,1
1506377085,22236257,0.07495543,0.13784000,1
1506377062,22236233,0.07507997,1.75374098,0
1506377043,22236209,0.07507998,1.58320200,0
1506377042,22236206,0.07503108,0.48992800,0
1506376958,22236131,0.07495453,0.57397500,1
1506376958,22236130,0.07495456,0.39999800,1
1506376958,22236129,0.07495456,0.48992810,1
1506376931,22236098,0.07503084,2.21004965,0
1506376931,22236095,0.07503083,0.48992835,0
1506376917,22236068,0.07495433,0.85904000,1
1506376909,22236061,0.07503085,4.51000500,0
1506376861,22236017,0.07503095,1.10000000,0
1506376838,22236000,0.07495414,1.44568000,1
1506376833,22235990,0.07495413,0.50610663,1
1506376823,22235960,0.07495407,0.19326503,1
1506376813,22235938,0.07495405,27.45846592,1
1506376813,22235936,0.07495406,3.82424408,1
1506376794,22235876,0.07501101,0.26980000,1
1506376782,22235832,0.07503109,1.91707600,1
1506376751,22235755,0.07508001,4.64965309,1
1506376722,22235695,0.07528015,0.10492553,0
1506376655,22235661,0.07527986,1.38814161,1
1506376653,22235657,0.07527986,4.04436900,1
1506376652,22235655,0.07535289,1.32292631,0
1506376650,22235650,0.07524039,6.26073100,0
1506376647,22235645,0.07550000,1.31723797,1
1506376647,22235644,0.07550000,0.27216600,1
1506376647,22235642,0.07569999,0.35667190,0
1506376646,22235638,0.07562846,0.20000000,1
1506376646,22235636,0.07555042,0.24109740,0
1506376645,22235634,0.07555041,18.41356032,0
1506376645,22235633,0.07555041,3.28139239,1
1506376645,22235631,0.07555041,5.28787200,1
1506376645,22235630,0.07548000,0.73223896,0
1506376644,22235629,0.07546464,5.43251061,1
1506376644,22235626,0.07534600,0.15000000,0
1506376644,22235622,0.07528000,5.00000000,0
1506376643,22235619,0.07525000,0.20106100,1
1506376642,22235618,0.07524039,2.66000000,0
1506376634,22235606,0.07524034,2.73540200,0
1506376633,22235603,0.07524034,2.73540100,0
1506376501,22235534,0.07524122,1.00000000,0
1506376368,22235501,0.07518486,10.45382700,0
1506376362,22235499,0.07514998,0.13856366,0
1506376299,22235456,0.07510599,1.92673434,0
1506376299,22235454,0.07510599,0.19930000,0
1506376299,22235452,0.07510599,2.41994613,0
1506376299,22235451,0.07510599,0.07055553,0
1506376298,22235450,0.07510599,0.90334861,0
1506376298,22235449,0.07510599,0.75618800,0
1506376298,22235448,0.07510598,3.34842139,0
1506376247,22235403,0.07500002,0.11386800,1
1506376222,22235387,0.07500000,56.64139386,1
1506376221,22235386,0.07500001,2.94827221,1
1506376040,22235299,0.07500006,0.12680400,1
1506375984,22235240,0.07500006,1.74879000,1
1506375984,22235239,0.07500006,0.81304900,1
1506375928,22235191,0.07500002,1.74947200,1
1506375917,22235172,0.07500001,1.74879000,1
1506375913,22235169,0.07500001,1.74811500,1
1506375911,22235165,0.07500000,4.30822700,1
1506375903,22235157,0.07500000,12.94984386,1
1506375903,22235156,0.07500000,1.99500000,1
1506375903,22235155,0.07500001,2.84086614,1
1506375872,22235116,0.07500001,1.39833861,1
1506375850,22235096,0.07500001,0.72164800,1
1506375839,22235079,0.07500001,0.85724400,1
1506375839,22235078,0.07500001,0.19930000,1
1506375838,22235076,0.07500001,1.13000000,1
1506375829,22235070,0.07501000,0.19930000,1
1506375765,22235033,0.07510000,8.17592466,1
1506375760,22235030,0.07510000,0.28899000,1
1506375759,22235028,0.07510000,5.90512800,1
1506375758,22235026,0.07510000,1.40677500,1
1506375758,22235025,0.07510000,1.68804500,1
1506375758,22235024,0.07510000,0.28886300,1
1506375749,22235015,0.07510000,39.43391000,1
1506375749,22235013,0.07510000,5.40558900,1
1506375749,22235012,0.07510000,1.40677534,1
1506375748,22235011,0.07510000,0.00000011,1
1506375748,22235010,0.07510001,3.58636366,1
1506375739,22234991,0.07510000,4.99313900,1
1506375736,22234982,0.07510000,9.04056300,1
1506375736,22234981,0.07510000,2.62200200,1
1506375735,22234980,0.07510001,1.65437600,1
1506375735,22234977,0.07510001,1.00562400,1
1506375725,22234936,0.07510000,10.75401800,1
1506375725,22234935,0.07510000,3.22670700,1
1506375723,22234932,0.07519999,0.33553435,0
1506375715,22234928,0.07510000,11.06326617,1
1506375715,22234926,0.07510001,3.96283283,1
1506375712,22234921,0.07510000,1.04967050,1
1506375711,22234920,0.07510000,0.15672000,1
1506375707,22234917,0.07510000,1.00562418,1
1506375707,22234916,0.07510000,2.84223404,1
1506375707,22234915,0.07510001,2.41213696,1
1506375704,22234909,0.07510000,0.96999500,1
1506375704,22234907,0.07510000,1.08774600,1
1506375702,22234905,0.07510000,1.97561900,1
1506375699,22234897,0.07510000,11.27642000,1
1506375691,22234888,0.07510000,0.19910000,1
1506375688,22234887,0.07510001,1.47300126,0
1506375688,22234886,0.07510001,1.72635526,0
1506375688,22234885,0.07510001,0.52251582,0
1506375683,22234874,0.07510001,2.13748418,1
1506375682,22234870,0.07510001,1.29839800,1
1506375680,22234866,0.07510001,0.67668400,1
1506375675,22234856,0.07510000,0.67804100,1
1506375675,22234855,0.07515999,0.42370697,0
1506375675,22234854,0.07515999,0.31663903,0
1506375674,22234851,0.07510000,0.89009000,1
1506375668,22234834,0.07510000,0.16904500,1
1506375661,22234826,0.07516999,1.62094300,0
1506375661,22234825,0.07516999,1.37905700,0
1506375658,22234822,0.07500322,0.17209000,1
1506375647,22234793,0.07517999,2.35749400,0
1506375645,22234790,0.07500317,0.58482300,1
1506375644,22234789,0.07500319,0.34576700,1
1506375636,22234780,0.07500317,0.82719400,1
1506375636,22234779,0.07501000,0.19910000,1
1506375618,22234745,0.07500313,11.65102000,1
1506375602,22234733,0.07516390,1.88596900,0
1506375602,22234732,0.07516390,0.34784100,0
1506375535,22234629,0.07516396,0.13197681,0
1506375493,22234600,0.07510000,0.08744279,0
1506375493,22234599,0.07510000,0.71607321,0
1506375486,22234589,0.07509999,0.57816683,0
1506375483,22234586,0.07509999,0.54095500,0
1506375470,22234583,0.07509077,2.14761300,0
1506375463,22234579,0.07509076,1.88194669,0
1506375407,22234549,0.07509084,0.06729400,0
1506375401,22234543,0.07500025,0.38859365,1
1506375397,22234541,0.07500023,12.00000000,1
1506375392,22234537,0.07510000,0.21389700,0
1506375392,22234536,0.07510000,0.53107300,0
1506375381,22234522,0.07506051,1.74564700,0
1506375381,22234521,0.07506051,0.35350307,0
1506375358,22234512,0.07506051,0.00007902,1
1506375294,22234493,0.07510000,1.11724895,0
1506375294,22234492,0.07510000,2.14654705,0
1506375282,22234486,0.07510000,0.15712700,0
1506375282,22234485,0.07510000,0.58256944,0
1506375275,22234483,0.07510000,1.01860695,0
1506375228,22234467,0.07509999,0.08168656,0
1506375209,22234448,0.07506051,1.94924000,1
1506375194,22234436,0.07506051,2.30282300,1
1506375158,22234407,0.07506051,2.14803100,1
1506375141,22234397,0.07510000,0.54537105,1
1506375141,22234396,0.07510000,0.78849100,1
1506375139,22234392,0.07510000,0.81268500,1
1506375128,22234383,0.07510000,0.96474100,1
1506375122,22234374,0.07510000,0.75735020,1
1506375122,22234372,0.07510000,0.32974700,1
1506375120,22234368,0.07510000,4.47300000,1
1506375118,22234367,0.07510000,0.37516378,1
1506375113,22234364,0.07510000,0.75735100,1
1506375111,22234359,0.07510000,1.59950700,1
1506375110,22234356,0.07510000,0.75686300,1
1506375110,22234354,0.07510000,0.58305685,1
1506375109,22234353,0.07510000,0.68832000,1
1506375105,22234347,0.07510000,0.68662051,1
1506375101,22234342,0.07510000,0.35058200,1
1506375101,22234341,0.07510000,1.13999500,1
1506375100,22234339,0.07510000,1.21435400,1
1506375098,22234335,0.07510000,4.65381400,1
1506375098,22234334,0.07510000,0.23247500,1
1506375092,22234322,0.07510000,0.02619233,1
1506375092,22234321,0.07510001,1.18735567,1
1506375090,22234316,0.07510001,0.64941300,1
1506375090,22234315,0.07510001,0.35058200,1
1506375083,22234312,0.07510001,1.75477320,1
1506375079,22234311,0.07510000,2.86316600,1
1506375065,22234303,0.07510000,2.00136700,1
1506375064,22234302,0.07510000,2.86031000,1
1506375062,22234297,0.07510000,0.35058200,1
1506375062,22234296,0.07510000,4.35387800,1
1506375061,22234290,0.07510000,0.35458100,1
1506375060,22234285,0.07510000,1.87926100,1
1506375060,22234284,0.07510000,3.35869900,1
1506375059,22234280,0.07510000,1.06640900,1
1506375058,22234278,0.07510000,4.24612500,1
1506375058,22234276,0.07510000,0.81285200,1
1506375056,22234271,0.07510000,0.81285200,1
1506375056,22234270,0.07510000,0.86714300,1
1506375044,22234262,0.07510000,0.81285200,1
1506375030,22234248,0.07510001,1.91129700,1
1506375028,22234245,0.07510000,1.30824700,1
1506375027,22234243,0.07510000,6.21160400,1
1506375026,22234241,0.07510001,1.30548788,1
1506375024,22234239,0.07510001,1.35577400,1
1506375023,22234238,0.07510001,1.30824700,1
1506374959,22234182,0.07510000,8.10439228,1
1506374959,22234181,0.07510001,4.38619772,1
1506374890,22234134,0.07515017,5.54868060,1
1506374889,22234130,0.07515017,6.54636284,1
1506374888,22234129,0.07515016,6.54616900,0
1506374887,22234126,0.07515016,7.66569600,1
1506374886,22234125,0.07515016,6.54616900,1
1506374732,22234077,0.07514006,0.90392327,1
1506374731,22234075,0.07514005,2.75588266,0
1506374728,22234072,0.07514004,3.28013520,1
1506374725,22234069,0.07514003,4.55999632,1
1506374713,22234066,0.07523999,0.58580497,0
1506374713,22234065,0.07523999,5.00000000,0
1506374713,22234064,0.07523999,1.46998303,0
1506374709,22234063,0.07524000,0.09493900,0
1506374702,22234062,0.07522771,2.65330022,0
1506374702,22234060,0.07522770,1.92600731,0
1506374554,22234027,0.07510001,1.61717689,1
1506374542,22234015,0.07516095,0.08444500,0
1506374534,22234006,0.07516095,0.12228000,0
1506374533,22234005,0.07516095,1.70000000,0
1506374217,22233895,0.07517965,3.09011900,0
1506374217,22233894,0.07517952,2.86233000,0
1506374196,22233892,0.07518033,0.30206700,1
1506374189,22233887,0.07518060,0.11027600,0
1506373893,22233786,0.07508800,0.49241500,1
1506373892,22233784,0.07508800,4.12796000,1
1506373785,22233714,0.07522600,3.66934900,0
1506373777,22233707,0.07516100,1.33065141,0
1506373776,22233706,0.07512100,0.99749500,0
1506373776,22233705,0.07510916,3.34842139,0
1506373776,22233704,0.07510915,0.32092720,0
1506373775,22233700,0.07506074,1.16718807,0
1506373671,22233607,0.07506053,1.66251158,1
1506373671,22233606,0.07506053,4.08658559,1
1506373667,22233600,0.07506051,0.59406698,1
1506373648,22233578,0.07506053,2.14096287,1
1506373643,22233574,0.07506052,1.47857777,1
1506373578,22233557,0.07506052,0.51337300,1
1506373577,22233556,0.07506052,1.76277400,1
1506373570,22233551,0.07512100,1.16726000,0
1506373570,22233550,0.07512100,0.25822242,0
1506373570,22233549,0.07512100,0.14999500,0
1506373569,22233548,0.07506070,0.10000000,0
1506373561,22233542,0.07506051,3.97873000,1
1506373524,22233529,0.07506075,2.05554200,1
1506373523,22233525,0.07506075,0.32092700,1
1506373462,22233503,0.07506052,0.41121000,1
1506373380,22233487,0.07506166,0.19900000,1
1506373322,22233454,0.07506139,0.12003400,1
1506373177,22233392,0.07506051,4.02703000,1
1506373177,22233391,0.07506065,6.77000000,1
1506373177,22233390,0.07507000,0.29600000,1
1506373177,22233389,0.07508030,2.65000000,1
1506373127,22233368,0.07508011,0.74089400,1
1506372964,22233251,0.07514200,0.65036900,1
1506372957,22233246,0.07514600,4.99999961,1
1506372957,22233245,0.07516000,0.19900000,1
1506372957,22233244,0.07520000,0.00000039,1
1506372874,22233205,0.07520000,2.18403000,1
1506372870,22233202,0.07520000,4.24364022,1
1506372867,22233196,0.07520000,3.34013000,1
1506372862,22233191,0.07520000,1.68467800,1
1506372833,22233164,0.07520000,0.19910000,0
1506372832,22233163,0.07519996,3.34842139,0
1506372755,22233100,0.07500094,1.46272300,1
1506372721,22233071,0.07513000,2.35000000,1
1506372720,22233070,0.07513000,2.65000000,1
1506372702,22233064,0.07528993,0.29017905,0
1506372675,22233043,0.07510303,7.45646100,1
1506372672,22233038,0.07530999,7.81257680,1
1506372672,22233036,0.07530999,19.54966000,1
1506372672,22233035,0.07530999,0.22992700,1
1506372671,22233032,0.07530299,74.83903000,0
1506372669,22233029,0.07529791,5.00000000,1
1506372669,22233028,0.07529791,9.13700000,0
1506372651,22233021,0.07512107,0.64811500,1
1506372650,22233019,0.07512100,0.92614657,1
1506372650,22233017,0.07512104,0.22359743,1
1506372546,22232975,0.07521696,3.04842139,0
1506372546,22232974,0.07521695,0.20851600,0
1506372506,22232959,0.07505108,0.49989812,1
1506372481,22232949,0.07521698,0.30000000,0
1506372446,22232935,0.07504500,0.09590000,1
1506372446,22232934,0.07507000,0.19910000,1
1506372370,22232904,0.07509900,1.34228300,1
1506372026,22232691,0.07520387,0.13245300,0
1506372011,22232662,0.07520400,4.70500000,0
1506372011,22232660,0.07519000,0.29500000,0
1506372011,22232659,0.07518999,0.29500000,0
1506371990,22232646,0.07515400,4.96300790,0
1506371990,22232645,0.07515397,13.10375910,0
1506371951,22232631,0.07499701,0.22999500,1
1506371949,22232628,0.07515703,4.91685300,0
1506371877,22232576,0.07517389,0.23156600,0
1506371864,22232558,0.07498900,4.90648500,1
1506371853,22232546,0.07501000,0.29500000,1
1506371773,22232506,0.07501001,0.15966000,1
1506371705,22232363,0.07506500,5.00000000,0
1506371658,22232262,0.07494999,0.12000000,0
1506371658,22232259,0.07494999,2.64520880,0
1506371651,22232251,0.07504396,0.12446900,1
1506371651,22232250,0.07504392,2.52074000,0
1506371651,22232249,0.07496000,5.00000000,0
1506371650,22232248,0.07495000,0.13340000,0
1506371636,22232210,0.07486003,0.69212000,1
1506371633,22232196,0.07486001,0.65744454,1
1506371608,22232143,0.07491300,3.18948800,1
1506371608,22232138,0.07491300,1.72464500,1
1506371607,22232137,0.07492000,0.08580000,1
1506371538,22232000,0.07503300,4.99999960,0
1506371538,22231999,0.07501055,0.15200040,0
1506371537,22231997,0.07501055,3.65256260,0
1506371537,22231996,0.07501051,0.00000040,0
1506371537,22231995,0.07500000,2.85780300,0
1506371537,22231994,0.07500000,0.18380000,0
1506371528,22231972,0.07500000,0.15200000,0
1506371491,22231878,0.07490001,11.78802286,1
1506371491,22231877,0.07491000,0.19960000,1
1506371491,22231876,0.07500000,0.01598714,1
1506371486,22231856,0.07500000,1.57398000,1
1506371485,22231855,0.07500000,3.80456300,1
1506371477,22231839,0.07501055,2.67276160,1
1506371476,22231836,0.07501055,1.44355800,0
1506371476,22231834,0.07501052,10.65606840,0
1506371467,22231805,0.07500000,1.72465700,1
1506371466,22231804,0.07500000,32.03585100,1
1506371442,22231755,0.07500004,0.78931408,1
1506371440,22231747,0.07500004,7.92000400,0
1506371293,22231603,0.07501055,2.67276200,0
1506371254,22231570,0.07501070,7.38285100,1
1506371254,22231569,0.07501070,0.43806100,1
1506371212,22231524,0.07500159,1.61671900,1
1506371163,22231509,0.07513000,0.19940000,0
1506371140,22231493,0.07500005,0.74002400,1
1506370982,22231402,0.07500000,1.00000000,1
1506370956,22231397,0.07500002,3.35010200,0
1506370953,22231393,0.07500000,7.10645300,1
1506370947,22231380,0.07500000,0.30835500,1
1506370947,22231379,0.07500002,3.35010200,1
1506370945,22231375,0.07500002,6.32589800,1
1506370942,22231371,0.07501000,0.19940000,1
1506370862,22231325,0.07515844,0.40000000,0
1506370611,22231233,0.07515900,0.18380000,0
1506370608,22231228,0.07503294,2.11964300,0
1506370608,22231227,0.07503294,1.33967300,0
1506370383,22231159,0.07503335,6.87738400,1
1506370377,22231128,0.07503307,1.30668000,1
1506370377,22231127,0.07503307,0.13991400,1
1506370256,22231074,0.07518239,0.97458900,0
1506370208,22231042,0.07500000,0.06773100,1
1506370208,22231041,0.07500006,0.00000400,1
1506370206,22231039,0.07500006,0.59476600,0
1506370204,22231032,0.07500000,0.13991400,1
1506370074,22230973,0.07500011,0.06773500,0
1506370045,22230967,0.07500000,1.88019900,1
1506370044,22230966,0.07500000,5.08851723,1
1506370033,22230960,0.07500000,1.87052000,1
1506369977,22230934,0.07500006,1.00000000,0
1506369974,22230927,0.07500000,1.97999500,1
1506369969,22230921,0.07500000,0.48278000,1
1506369902,22230883,0.07500000,2.23923000,1
1506369887,22230862,0.07500000,7.70660950,1
1506369873,22230858,0.07500011,2.13089600,0
1506369873,22230857,0.07500011,0.51910400,0
1506369872,22230856,0.07500008,0.10995400,1
1506369871,22230855,0.07500006,0.37094200,1
1506369867,22230854,0.07500006,0.10000500,0
1506369810,22230817,0.07500000,0.33910900,1
1506369743,22230799,0.07500001,0.89909200,1
1506369742,22230798,0.07500006,0.62391300,0
1506369740,22230797,0.07500003,0.14252977,0
1506369726,22230779,0.07500000,0.25995400,1
1506369668,22230680,0.07500000,0.35798760,1
1506369668,22230679,0.07500000,0.40403300,1
1506369636,22230666,0.07500000,0.35798800,1
1506369610,22230645,0.07500000,0.90151600,1
1506369607,22230636,0.07500000,12.32815100,1
1506369605,22230632,0.07500000,8.02394300,1
1506369605,22230630,0.07500003,2.96427700,1
1506369545,22230560,0.07500003,1.35399700,1
1506369438,22230497,0.07500000,1.73000000,1
1506369437,22230496,0.07500008,1.18172600,1
1506369361,22230429,0.07523899,5.50000000,0
1506369204,22230318,0.07513000,0.19910000,0
1506369066,22230205,0.07500000,4.99600000,1
1506369031,22230162,0.07500000,0.66582800,1
1506369031,22230161,0.07500000,0.61014853,1
1506368992,22230129,0.07500001,1.94918529,1
1506368928,22230082,0.07500002,0.19100300,1
1506368894,22230067,0.07500001,3.89324273,1
1506368894,22230066,0.07501394,0.33941595,1
1506368894,22230065,0.07501397,3.47444378,1
1506368820,22230012,0.07513999,0.03047600,0
1506368820,22230011,0.07513999,0.16952400,0
1506368814,22230008,0.07513999,0.20000000,0
1506368777,22229975,0.07501496,2.84233498,1
1506368776,22229974,0.07501496,1.18284824,1
1506368633,22229870,0.07519999,0.02870300,0
1506368633,22229869,0.07519999,2.21083200,0
1506368621,22229859,0.07520991,7.49962700,0
1506368594,22229829,0.07501405,8.70090000,1
1506368594,22229828,0.07502000,0.19910000,1
1506368437,22229768,0.07508524,7.25244561,0
1506368437,22229767,0.07508521,0.39807439,0
1506368431,22229759,0.07508521,0.43878500,0
1506368431,22229758,0.07508520,0.87486900,0
1506368404,22229713,0.07508523,0.10000000,0
1506368394,22229707,0.07501019,1.60350100,0
1506368383,22229697,0.07508523,0.11342900,0
1506368366,22229687,0.07508523,0.20000000,0
1506368348,22229657,0.07508523,1.79958300,0
1506368337,22229644,0.07508523,0.16483900,0
1506368302,22229630,0.07508523,0.13371100,0
1506368284,22229627,0.07508522,0.20500000,1
1506368282,22229623,0.07508522,0.29500000,1
1506368207,22229588,0.07508524,1.40153200,0
1506368202,22229575,0.07508527,0.39822725,1
1506368202,22229574,0.07508527,2.21043300,1
1506368191,22229566,0.07508527,0.39822700,1
1506368157,22229529,0.07508524,1.32764500,0
1506368154,22229521,0.07508524,4.00919961,1
1506368154,22229520,0.07508527,3.32446757,1
1506368150,22229511,0.07508524,1.00036972,1
1506368149,22229502,0.07508524,0.99987694,1
1506368147,22229497,0.07508524,0.99939749,1
1506368133,22229483,0.07508520,3.00749500,1
1506368132,22229479,0.07508517,2.30749500,1
1506368129,22229475,0.07508517,0.40743066,1
1506368129,22229471,0.07508517,0.69608600,1
1506368128,22229469,0.07508517,0.59648900,1
1506368120,22229455,0.07508516,0.59625000,1
1506368112,22229445,0.07516069,0.99781282,0
1506368112,22229444,0.07516069,0.15539200,0
1506368112,22229442,0.07516069,1.02379600,0
1506368101,22229438,0.07516069,0.20000000,0
1506368077,22229435,0.07508463,1.13100000,1
1506368073,22229431,0.07516069,0.16676700,0
1506368070,22229429,0.07508463,0.18629600,1
1506368050,22229421,0.07516069,0.07345200,0
1506367424,22229110,0.07516069,0.81470700,0
1506367369,22229075,0.07516525,2.03987700,1
1506367368,22229073,0.07516525,0.97464000,1
1506367367,22229067,0.07516525,6.30102900,1
1506367243,22229002,0.07516474,0.15305700,1
1506367242,22229000,0.07516474,1.15989000,1
1506367239,22228993,0.07516474,2.06993800,1
1506367237,22228988,0.07516474,2.06993800,1
1506367235,22228983,0.07516470,1.16038900,1
1506367180,22228945,0.07516431,0.59217800,1
1506366687,22228706,0.07518003,0.06864555,1
1506366661,22228698,0.07532000,0.02752300,0
1506366661,22228697,0.07532000,0.29400000,0
1506366328,22228577,0.07508011,0.48241200,1
1506366303,22228569,0.07523051,3.50000000,0
1506366256,22228562,0.07507083,0.75000000,1
1506366181,22228516,0.07523107,0.70000000,0
1506365983,22228395,0.07522589,4.01000000,0
1506365982,22228387,0.07503568,1.44226790,1
1506365982,22228386,0.07503569,0.09083360,1
1506365982,22228384,0.07504000,3.19029850,1
1506364886,22227845,0.07503432,0.63988000,1
1506364876,22227840,0.07503431,2.79133084,1
1506364876,22227839,0.07516558,0.00000016,1
1506364772,22227801,0.07516558,2.92952600,1
1506364736,22227784,0.07516558,2.65000000,1
1506364606,22227734,0.07516558,2.21941007,0
1506364599,22227729,0.07516565,1.88924100,0
1506364597,22227724,0.07503455,0.99983000,0
1506364596,22227723,0.07503455,0.18833000,0
1506364596,22227722,0.07503455,1.28389010,0
1506364594,22227718,0.07503456,2.93365990,1
1506364538,22227687,0.07519003,2.60746100,0
1506364536,22227686,0.07503440,0.67790800,1
1506364533,22227674,0.07503438,2.60746100,0
1506364446,22227565,0.07503426,1.27315200,1
1506364445,22227561,0.07503421,2.60746100,1
1506364443,22227558,0.07503417,0.39983400,1
1506364386,22227529,0.07519116,1.00000000,0
1506364383,22227528,0.07519117,0.49999989,1
1506364381,22227523,0.07507016,0.00000011,0
1506364332,22227460,0.07507016,6.46267100,0
1506364331,22227459,0.07506000,0.19900000,0
1506364225,22227355,0.07507700,2.39253900,1
1506364223,22227348,0.07507700,2.60746100,1
1506364222,22227346,0.07508003,0.25743700,0
1506364221,22227345,0.07509000,0.29400000,1
1506364221,22227343,0.07510000,0.19900000,1
1506364201,22227318,0.07533219,1.12178000,0
1506364090,22227252,0.07522547,8.85633000,0
1506364028,22227187,0.07518200,0.16585800,0
1506364028,22227185,0.07510000,0.12000000,0
1506363949,22227087,0.07511800,2.12146847,1
1506363947,22227083,0.07511800,2.60733700,1
1506363946,22227078,0.07511800,0.27119453,1
1506363841,22227018,0.07527551,0.50000000,0
1506363685,22226943,0.07522500,0.61652010,0
1506363685,22226942,0.07521000,0.19910000,0
1506363431,22226749,0.07509124,0.47554372,1
1506363431,22226748,0.07509127,6.46267111,1
1506363424,22226744,0.07526700,0.00010654,1
1506363423,22226743,0.07526197,0.36989346,1
1506363399,22226736,0.07510008,6.25029100,1
1506363399,22226735,0.07511000,0.19910000,1
1506363372,22226722,0.07516865,1.77093462,0
1506363367,22226720,0.07507005,7.04450050,1
1506363335,22226711,0.07506035,7.27265399,1
1506363303,22226681,0.07515000,5.97410600,1
1506363186,22226619,0.07515000,4.03589400,1
1506363160,22226601,0.07515550,0.08836572,0
1506363154,22226596,0.07528997,2.05596960,0
1506363153,22226595,0.07528000,0.40493800,1
1506363152,22226592,0.07528000,0.18920720,0
1506363020,22226487,0.07523000,10.00000000,0
1506363020,22226486,0.07522999,8.82962800,0
1506362965,22226473,0.07520400,4.33753200,0
1506362953,22226470,0.07520372,6.20622358,0
1506362866,22226435,0.07504803,2.00100800,1
1506362847,22226424,0.07521797,5.83397600,0
1506362837,22226418,0.07518497,5.10584638,0
1506362837,22226417,0.07518497,2.14155438,0
1506362836,22226416,0.07518498,0.79702380,0
1506362820,22226411,0.07520477,6.33200000,0
1506362569,22226288,0.07500311,0.22887000,1
1506362267,22226060,0.07501067,0.26544210,1
1506362113,22225973,0.07505188,3.25570300,1
1506362112,22225972,0.07505188,2.73259600,1
1506362109,22225968,0.07505159,0.23169600,1
1506361998,22225911,0.07521089,0.75392800,0
1506361952,22225902,0.07515792,0.14263600,0
1506361948,22225900,0.07515792,1.65135400,0
1506361938,22225892,0.07505101,0.48354300,0
1506361442,22225527,0.07523500,0.12271000,0
1506361440,22225526,0.07523499,0.19880000,0
1506361434,22225522,0.07522993,0.62521638,0
1506361382,22225487,0.07515591,0.27138835,0
1506361382,22225485,0.07515591,3.34842165,0
1506361379,22225482,0.07515592,4.48063000,1
1506361369,22225481,0.07515597,2.17600000,0
1506361366,22225479,0.07510001,0.27613800,0
1506361366,22225478,0.07510001,4.12237331,0
1506361366,22225477,0.07510001,2.51461310,0
1506361361,22225475,0.07510001,2.38455790,0
1506361361,22225474,0.07509000,0.26544210,0
1506361360,22225473,0.07508999,0.21618740,0
1506361360,22225472,0.07508999,0.14140900,0
1506361360,22225471,0.07508999,2.27859100,0
1506361360,22225470,0.07508999,0.18879200,0
1506361343,22225451,0.07509978,2.65000000,0
1506361333,22225445,0.07500004,0.64979473,1
1506361319,22225436,0.07500004,0.64978886,1
1506361287,22225421,0.07500004,1.06270900,1
1506361130,22225313,0.07500003,0.98998200,1
1506361112,22225279,0.07500003,0.26544210,1
1506361100,22225273,0.07510000,0.10000000,0
1506361035,22225230,0.07509997,1.72037300,0
1506361026,22225222,0.07509997,0.37140900,0
1506361026,22225221,0.07509997,0.20511700,0
1506360955,22225169,0.07510000,0.32737100,0
1506360933,22225158,0.07500001,0.30611548,1
1506360931,22225157,0.07500900,0.00007756,1
1506360885,22225134,0.07500900,0.21618800,1
1506360875,22225128,0.07500900,0.19880000,1
1506360871,22225116,0.07500900,0.11964739,1
1506360816,22225044,0.07502101,0.16358995,1
1506360815,22225041,0.07502101,0.23000000,1
1506360807,22225017,0.07502101,0.37112300,1
1506360799,22224998,0.07510001,0.07780104,0
1506360799,22224997,0.07510001,0.22839200,0
1506360707,22224919,0.07510000,0.21541200,0
1506360706,22224918,0.07510000,0.10000000,1
1506360689,22224907,0.07510000,5.21458300,1
1506360661,22224864,0.07510000,5.67042284,1
1506360651,22224853,0.07510000,0.30528806,1
1506360625,22224831,0.07510000,0.27770600,1
1506360611,22224818,0.07510000,0.30446202,1
1506360605,22224815,0.07510000,7.36050300,1
1506360603,22224810,0.07510000,0.56834887,1
1506360584,22224782,0.07511000,0.06551800,1
1506360584,22224781,0.07511000,0.13328200,1
1506360582,22224777,0.07510000,3.80847617,1
1506360582,22224776,0.07510001,4.26569235,1
1506360572,22224742,0.07510000,35.39901515,1
1506360572,22224741,0.07510001,4.26569235,1
1506360499,22224539,0.07520999,2.64997034,1
1506360496,22224535,0.07514000,5.00000000,1
1506360494,22224529,0.07520998,0.55314517,1
1506360476,22224467,0.07524500,4.38772200,0
1506360476,22224464,0.07524000,0.19910000,0
1506360476,22224462,0.07520999,2.65000000,0
1506360476,22224460,0.07520998,0.61227800,0
1506360436,22224396,0.07510002,0.60913200,1
1506360436,22224394,0.07510002,0.13054400,1
1506360427,22224376,0.07510000,1.34093600,1
1506360420,22224354,0.07510000,1.00000000,1
1506360387,22224320,0.07510001,1.70332800,1
1506360387,22224319,0.07510001,2.00443000,1
1506360385,22224318,0.07510001,0.29241900,1
1506360384,22224317,0.07510001,0.27811800,1
1506360375,22224307,0.07510001,1.00000000,1
1506360310,22224263,0.07510000,1.99826900,1
1506360309,22224262,0.07510000,3.48564000,1
1506360308,22224260,0.07510000,2.71081500,1
1506360307,22224253,0.07510000,2.62647800,1
1506360306,22224246,0.07511000,0.19910000,1
1506360168,22224097,0.07510112,0.28933800,1
1506360168,22224096,0.07510112,0.98642400,1
1506360110,22224062,0.07510110,0.10646720,1
1506360051,22224033,0.07510110,1.43505300,1
1506359943,22223967,0.07510092,0.40427300,1
1506359942,22223966,0.07510092,0.20053400,1
1506359942,22223965,0.07510092,2.37557900,1
1506359853,22223931,0.07509303,0.20053400,1
1506359814,22223877,0.07523299,2.45455800,0
1506359773,22223853,0.07506492,0.96919600,1
1506359771,22223846,0.07506479,2.76001700,1
1506359770,22223844,0.07506479,0.21436900,1
1506359768,22223836,0.07506478,0.96919600,1
1506359753,22223810,0.07506473,0.21436900,1
1506359736,22223799,0.07506471,2.91441408,1
1506359595,22223683,0.07505935,0.18920720,1
1506359581,22223677,0.07522499,1.00000000,0
1506359536,22223657,0.07505657,0.18920720,1
1506359533,22223650,0.07505656,1.25074771,1
1506359513,22223633,0.07510000,0.18920720,1
1506359479,22223614,0.07510100,0.18920720,1
1506359308,22223467,0.07522700,0.31109439,0
1506359300,22223411,0.07522300,0.37582709,0
1506359299,22223408,0.07509136,0.98962200,1
1506359298,22223402,0.07522300,4.62414411,0
1506359298,22223399,0.07518000,0.19890021,0
1506359297,22223396,0.07517999,0.17695068,0
1506359262,22223343,0.07509009,0.19775700,1
1506359249,22223338,0.07508980,0.15764300,1
1506359118,22223236,0.07508728,1.75855100,1
1506359116,22223232,0.07508727,3.36672500,1
1506359041,22223172,0.07524100,1.00000000,0
1506359002,22223153,0.07509013,3.63953465,1
1506358967,22223126,0.07526096,0.33836484,0
1506358873,22223053,0.07514400,0.19890021,0
1506358872,22223052,0.07514400,5.03462579,0
1506358872,22223051,0.07514400,5.00000000,1
1506358872,22223050,0.07519990,0.12000000,1
1506358850,22223028,0.07521302,2.65000000,1
1506358828,22223012,0.07521300,5.00000000,1
1506358828,22223011,0.07521301,0.33990685,1
1506358788,22222957,0.07529106,0.67674029,0
1506358788,22222955,0.07529105,1.61358807,1
1506358787,22222951,0.07529105,3.36672500,1
1506358779,22222941,0.07542897,1.00505774,0
1506358750,22222920,0.07529104,0.33945445,1
1506358688,22222842,0.07532201,1.22841389,1
1506358682,22222833,0.07534242,7.68679218,1
1506358677,22222815,0.07538000,1.20666468,1
1506358677,22222813,0.07543000,0.60724691,1
1506358676,22222811,0.07543000,1.20453429,1
1506358676,22222810,0.07543001,0.29448696,1
1506358675,22222806,0.07543001,0.63587200,1
1506358674,22222804,0.07543001,0.36687300,1
1506358662,22222794,0.07547000,0.54880000,0
1506358661,22222792,0.07547000,2.45120000,0
1506358661,22222790,0.07546000,0.19880000,0
1506358660,22222788,0.07543001,0.20000000,1
1506358653,22222782,0.07543001,0.30149550,1
1506358626,22222765,0.07543000,0.52742600,1
1506358610,22222735,0.07548000,0.16776104,0
1506358609,22222734,0.07544000,2.59911912,0
1506358602,22222709,0.07544000,0.40088088,0
1506358572,22222625,0.07545100,5.00000000,0
1506358571,22222623,0.07544000,2.50000000,0
1506358561,22222590,0.07544000,0.50000000,0
1506358535,22222555,0.07535600,2.65000500,0
1506358533,22222549,0.07535600,2.34999500,0
1506358533,22222548,0.07535597,2.65000000,0
1506358305,22222280,0.07519993,0.46678000,0
1506358305,22222279,0.07521000,0.19880000,1
1506358286,22222257,0.07533998,2.56394800,0
1506358278,22222246,0.07533997,1.07164287,0
1506358167,22222155,0.07520003,5.34845400,0
1506358166,22222154,0.07520001,3.52175000,1
1506358141,22222121,0.07519996,12.30585000,1
1506358129,22222083,0.07519995,0.98289587,1
1506358096,22222036,0.07519993,0.64118000,1
1506358087,22222007,0.07519992,0.22457471,1
1506357961,22221912,0.07519993,0.50000000,0
1506357911,22221875,0.07505022,2.11877000,1
1506357906,22221872,0.07520000,0.20000000,0
1506357844,22221791,0.07520000,26.96285326,0
1506357844,22221790,0.07519999,1.40179374,0
1506357844,22221789,0.07519999,8.32047000,0
1506357818,22221774,0.07520000,59.60496449,0
1506357818,22221773,0.07519999,1.66549751,0
1506357812,22221769,0.07519965,1.80845100,0
1506357741,22221742,0.07511378,1.12452000,1
1506357689,22221720,0.07503015,1.38538271,0
1506357627,22221666,0.07503015,0.44453500,1
1506357609,22221647,0.07519993,4.89491800,0
1506357598,22221625,0.07520000,37.20642229,0
1506357598,22221623,0.07519985,1.71832771,0
1506357597,22221621,0.07502184,0.52116100,1
1506357596,22221616,0.07502187,6.25883400,1
1506357468,22221494,0.07518600,0.76422564,0
1506357465,22221485,0.07518597,0.49743683,0
1506357408,22221439,0.07514972,1.36184015,0
1506357408,22221437,0.07514971,1.97880892,0
1506357408,22221435,0.07510900,2.55109882,0
1506357355,22221380,0.07510900,1.85135629,0
1506357354,22221378,0.07510899,2.65000000,0
1506357354,22221377,0.07494076,50.80571243,1
1506357353,22221375,0.07500900,1.79428757,0
1506357352,22221373,0.07500900,5.00000000,1
1506357349,22221370,0.07510897,4.40245000,0
1506357347,22221365,0.07510900,1.59754489,0
1506357344,22221360,0.07510000,0.29300266,0
1506357262,22221290,0.07508997,4.50006838,0
1506357254,22221281,0.07510297,0.38405000,1
1506357123,22221148,0.07499494,2.61704218,0
1506357083,22221114,0.07483097,1.53012461,1
1506357009,22221038,0.07482169,2.65032700,1
1506357008,22221032,0.07498592,1.28467800,0
1506357007,22221027,0.07482169,2.65016900,1
1506357003,22221015,0.07482169,9.43814127,1
1506357001,22221009,0.07482168,1.66048100,1
1506356960,22220954,0.07482150,2.65000000,1
1506356768,22220768,0.07482111,1.63503000,1
1506356699,22220689,0.07471225,1.12451600,1
1506356695,22220680,0.07484400,5.00000000,1
1506356685,22220650,0.07484700,1.19276658,1
1506356682,22220641,0.07487000,0.29300000,1
1506356682,22220640,0.07487001,1.15870159,1
1506356383,22220284,0.07487004,3.23260361,1
1506356383,22220283,0.07487005,0.90401969,1
1506356383,22220282,0.07487005,2.39517670,1
1506356382,22220279,0.07498271,2.65000000,0
1506356357,22220217,0.07498300,2.64999985,1
1506356356,22220214,0.07498300,5.00000000,0
1506356356,22220212,0.07498280,3.34438715,0
1506356356,22220211,0.07490000,0.00000500,0
1506356186,22220013,0.07490000,0.49999500,0
1506356000,22219825,0.07499758,1.00000000,1
1506355879,22219671,0.07499758,1.58059731,1
1506355879,22219670,0.07499759,0.08068469,1
1506355780,22219552,0.07503089,0.24544661,0
1506355771,22219533,0.07499758,5.47108320,1
1506355682,22219342,0.07489000,0.19930000,0
1506355673,22219317,0.07490000,0.23307459,0
1506355632,22219217,0.07490000,0.05992275,1
1506355628,22219198,0.07489999,0.08725498,0
1506355595,22219070,0.07492257,2.97790457,0
1506355589,22219059,0.07492269,5.67047000,1
1506355578,22219008,0.07508997,1.22552666,0
1506355515,22218861,0.07500000,8.79697000,0
1506355514,22218860,0.07500000,0.10479500,1
1506355392,22218738,0.07494401,3.87515372,1
1506355392,22218737,0.07497004,2.65000000,1
1506355390,22218735,0.07500000,1.99399486,1
1506355323,22218668,0.07500000,0.00600514,1
1506355323,22218667,0.07502000,0.19930000,1
1506355264,22218603,0.07501000,2.00000000,1
1506355262,22218602,0.07501000,1.00000000,1
1506355211,22218534,0.07512000,0.86013200,1
1506355207,22218532,0.07512000,0.14849600,1
1506355207,22218531,0.07512000,0.71155500,1
1506355192,22218500,0.07512000,0.36255800,1
1506355192,22218499,0.07512000,0.92588700,1
1506355185,22218482,0.07514705,0.27092215,1
1506355185,22218481,0.07514705,0.63549769,1
1506355185,22218480,0.07514705,1.38210700,1
1506355185,22218479,0.07515000,1.72907800,1
1506355181,22218469,0.07515000,0.27092200,1
1506355171,22218448,0.07519986,1.97427455,0
1506355160,22218429,0.07514703,0.43700500,1
1506355160,22218428,0.07514703,0.19524698,1
1506355145,22218400,0.07514701,0.43316900,1
1506355145,22218399,0.07514701,0.19532200,0
1506355145,22218398,0.07514701,0.60052955,0
1506355115,22218369,0.07504003,3.05653102,0
1506355115,22218366,0.07510000,1.00000000,1
1506355115,22218365,0.07511001,0.08725498,1
1506354947,22218198,0.07504600,0.81123148,1
1506354947,22218197,0.07508000,0.29300000,1
1506354947,22218195,0.07514700,1.39048352,1
1506354947,22218194,0.07514701,0.60060000,1
1506354929,22218164,0.07514701,0.39940000,1
1506354917,22218151,0.07519999,7.10670436,0
1506354800,22218055,0.07519999,1.76112273,0
1506354800,22218054,0.07519998,0.23887727,0
1506354750,22217988,0.07519981,2.26813688,0
1506354748,22217983,0.07514700,2.44368648,1
1506354748,22217981,0.07514701,1.39048352,1
1506354746,22217979,0.07519983,1.68051922,0
1506354740,22217952,0.07519985,8.70841687,0
1506354739,22217949,0.07519985,5.06907019,0
1506354738,22217947,0.07519985,8.70844706,0
1506354687,22217891,0.07514700,0.28551000,1
1506354648,22217819,0.07519999,0.41769200,0
1506354634,22217781,0.07519999,0.87492100,0
1506354632,22217778,0.07519998,1.74983900,0
1506354630,22217776,0.07519999,0.87491700,0
1506354629,22217774,0.07519999,0.87491600,0
1506354624,22217770,0.07520000,0.87522300,0
1506354624,22217768,0.07520000,0.87491100,0
1506354623,22217767,0.07514700,0.14672000,1
1506354622,22217765,0.07520000,0.19893296,0
1506354622,22217764,0.07519999,0.67597504,0
1506354621,22217763,0.07519999,0.29314100,0
1506354614,22217757,0.07520000,0.87489900,0
1506354612,22217756,0.07519999,0.87489700,0
1506354612,22217755,0.07514700,0.14672000,1
1506354611,22217754,0.07519998,0.59836600,0
1506354611,22217753,0.07519998,0.27653000,0
1506354609,22217752,0.07519998,0.87489500,0
1506354607,22217751,0.07519999,0.87489300,0
1506354605,22217749,0.07519999,0.87489200,0
1506354604,22217748,0.07519999,0.87489000,0
1506354602,22217747,0.07519999,3.83731300,0
1506354601,22217746,0.07519999,3.00694930,0
1506354601,22217745,0.07519998,0.49313170,0
1506354595,22217739,0.07519998,0.87489800,0
1506354594,22217738,0.07519999,0.87489600,0
1506354594,22217737,0.07514700,0.14672000,1
1506354593,22217735,0.07519998,0.87489500,0
1506354592,22217732,0.07519999,0.87489400,0
1506354591,22217731,0.07519999,1.74978400,0
1506354583,22217717,0.07519999,7.63214418,0
1506354583,22217716,0.07519998,1.62538182,0
1506354579,22217712,0.07514700,0.14672000,1
1506354570,22217672,0.07514700,0.14672000,1
1506354558,22217646,0.07514700,0.14672000,1
1506354530,22217599,0.07519999,1.75090400,0
1506354529,22217589,0.07519999,0.87545000,0
1506354527,22217587,0.07519999,0.87544900,0
1506354526,22217584,0.07519999,1.39472200,0
1506354523,22217569,0.07519999,1.95977200,0
1506354522,22217567,0.07519999,0.45060555,0
1506354522,22217566,0.07519998,0.42483945,0
1506354520,22217558,0.07519998,1.37763400,0
1506354519,22217550,0.07516700,5.00000000,0
1506354510,22217528,0.07514696,5.00000038,0
1506354510,22217527,0.07512992,2.14155262,0
1506354422,22217397,0.07508000,0.24091873,1
1506354421,22217396,0.07508000,0.15819527,0
1506354363,22217289,0.07511000,0.04110473,0
1506354363,22217288,0.07511000,0.29300000,0
1506354311,22217213,0.07496904,3.97942700,1
1506354311,22217212,0.07498000,0.19930000,1
1506354036,22216677,0.07515000,0.39820359,1
1506354012,22216649,0.07509504,0.20410000,1
1506354003,22216630,0.07532998,1.30000000,0
1506353972,22216605,0.07529300,2.96835922,0
1506353972,22216604,0.07529000,0.19880000,0
1506353967,22216595,0.07505448,0.12944617,1
1506353951,22216572,0.07518700,5.00000000,1
1506353951,22216570,0.07520000,0.19880000,1
1506353758,22216281,0.07537499,0.66669369,0
1506353758,22216280,0.07535300,5.00000000,0
1506353758,22216279,0.07535299,2.65000000,0
1506353758,22216278,0.07535299,1.14425538,0
1506353758,22216277,0.07534000,0.19880000,0
1506353731,22216247,0.07520000,0.19880000,1
1506353727,22216240,0.07538996,3.09220200,0
1506353698,22216193,0.07539999,1.25671104,0
1506353687,22216155,0.07532998,1.17290167,1
1506353687,22216153,0.07532999,1.36000000,1
1506353687,22216152,0.07535000,2.03768305,1
1506353687,22216151,0.07535000,1.36000000,1
1506353686,22216148,0.07535000,0.61147301,1
1506353686,22216147,0.07535000,0.56142899,1
1506353673,22216107,0.07539997,8.91508001,0
1506353673,22216105,0.07535000,0.56142899,0
1506353673,22216103,0.07532998,1.43000000,0
1506353673,22216102,0.07532998,1.17290167,0
1506353661,22216008,0.07532998,0.06798937,0
1506353660,22216004,0.07532998,1.01984062,0
1506353660,22216002,0.07532998,0.33926834,0
1506353658,22215984,0.07533000,0.19880000,1
1506353657,22215980,0.07533590,1.95347293,0
1506353657,22215978,0.07532999,0.64652707,0
1506353657,22215977,0.07532999,0.56142899,0
1506353657,22215976,0.07532999,0.99084394,0
1506353386,22215623,0.07528900,5.00000000,0
1506353382,22215620,0.07518203,0.11802624,0
1506353377,22215614,0.07518203,0.08552700,0
1506353374,22215610,0.07530400,0.00009415,1
1506353371,22215605,0.07530400,0.19990585,1
1506353355,22215594,0.07530399,0.20000000,1
1506353312,22215561,0.07527700,2.12790800,0
1506353306,22215555,0.07527700,0.00422797,0
1506353306,22215554,0.07527697,2.86363603,0
1506353290,22215540,0.07511537,1.21036600,1
1506353290,22215538,0.07531200,0.20000000,0
1506353290,22215537,0.07511536,0.36232700,0
1506353288,22215529,0.07511536,2.83969700,1
1506353286,22215522,0.07531200,1.27448000,0
1506353285,22215519,0.07531197,2.61291200,0
1506353267,22215499,0.07531500,0.50000000,0
1506353266,22215498,0.07531500,0.30120000,0
1506353266,22215497,0.07531499,0.19880000,0
1506353259,22215464,0.07534995,0.28598807,1
1506353258,22215457,0.07534992,0.80211700,0
1506353258,22215456,0.07534991,3.19403093,0
1506353257,22215453,0.07516501,3.12468861,1
1506353255,22215425,0.07516500,1.59888700,1
1506353254,22215417,0.07516500,0.27633200,1
1506353252,22215413,0.07516500,3.12478100,1
1506353245,22215401,0.07535000,4.00000000,1
1506353242,22215394,0.07522200,3.12163800,1
1506353242,22215392,0.07522200,1.07624500,1
1506353240,22215384,0.07522200,2.92283800,0
1506353240,22215383,0.07496551,2.19880000,1
1506353240,22215382,0.07498000,3.00000000,1
1506353239,22215380,0.07522000,0.29300000,1
1506353239,22215377,0.07523000,0.19880000,1
1506353175,22215308,0.07539978,0.26061217,0
1506353088,22215186,0.07537999,1.48618156,1
1506353087,22215185,0.07537999,18.87600000,1
1506353082,22215177,0.07537999,4.38346900,1
1506353082,22215175,0.07537000,0.72530001,0
1506353048,22215140,0.07529299,0.08394600,0
1506353023,22215086,0.07516499,0.16496376,0
1506353023,22215085,0.07512500,5.00000000,0
1506353006,22215035,0.07495011,0.00000110,0
1506353006,22215034,0.07518000,0.08274000,1
1506353006,22215033,0.07528000,5.00000000,1
1506353005,22215031,0.07537657,0.80588890,1
1506352988,22215010,0.07538999,3.37148365,1
1506352988,22215009,0.07538999,0.80588890,1
1506352981,22214989,0.07538999,1.65557184,1
1506352980,22214988,0.07538000,0.19300000,0
1506352980,22214987,0.07537999,0.82620900,0
1506352980,22214986,0.07537993,2.01363900,0
1506352977,22214982,0.07537657,4.46680200,1
1506352950,22214954,0.07538000,0.10000000,0
1506352949,22214949,0.07537657,3.60000000,1
1506352937,22214935,0.07537657,0.19901818,1
1506352936,22214933,0.07537657,0.63557600,1
1506352925,22214917,0.07537657,1.80212910,1
1506352925,22214916,0.07537657,5.29511000,1
1506352924,22214913,0.07537657,0.38414000,1
1506352923,22214909,0.07537657,6.17804485,1
1506352919,22214904,0.07537657,0.23422600,1
1506352917,22214903,0.07537657,1.00950866,1
1506352917,22214902,0.07537657,0.81765171,1
1506352912,22214894,0.07537657,0.55315500,1
1506352898,22214864,0.07537657,10.92166500,1
1506352894,22214833,0.07537657,0.29992079,1
1506352892,22214828,0.07537657,0.50000000,1
1506352889,22214825,0.07537657,2.66355352,1
1506352821,22214765,0.07536497,1.08469200,0
1506352815,22214760,0.07536792,2.12945200,0
1506352696,22214647,0.07527999,0.18335600,0
1506352692,22214639,0.07527989,1.04083400,1
1506352688,22214635,0.07520000,0.24660429,0
1506352670,22214616,0.07518008,2.33094900,1
1506352668,22214614,0.07518007,2.12738800,1
1506352651,22214604,0.07532999,0.39043500,0
1506352642,22214596,0.07520000,0.24660429,1
1506352641,22214592,0.07529993,1.36000000,0
1506352638,22214573,0.07520004,1.75949000,0
1506352637,22214570,0.07520000,2.21943857,1
1506352631,22214555,0.07520700,1.40000000,1
1506352629,22214550,0.07520701,4.09026400,1
1506352627,22214546,0.07520710,2.33094300,1
1506352626,22214545,0.07520700,3.60000000,1
1506352616,22214520,0.07535000,1.09980958,1
1506352616,22214519,0.07535000,5.00000000,0
1506352616,22214518,0.07534921,13.15746464,0
1506352610,22214492,0.07520000,0.75513100,1
1506352610,22214489,0.07520000,6.16853700,1
1506352576,22214415,0.07520001,3.97664200,1
1506352560,22214374,0.07520000,2.24265865,1
1506352553,22214370,0.07534957,0.14535000,0
1506352536,22214357,0.07520000,12.98398800,1
1506352536,22214356,0.07520002,2.18477200,1
1506352535,22214354,0.07520003,2.60000000,0
1506352534,22214352,0.07520002,0.82489900,1
1506352534,22214351,0.07520002,0.41522800,1
1506352533,22214349,0.07520002,0.48093400,1
1506352533,22214348,0.07520003,2.60000000,1
1506352500,22214297,0.07520002,2.49416700,1
1506352488,22214280,0.07520000,0.65570100,1
1506352460,22214224,0.07520000,0.07100000,1
1506352294,22214026,0.07532700,0.44042400,1
1506352274,22213967,0.07518055,0.38132976,1
1506352271,22213961,0.07518041,0.35552316,1
1506352271,22213959,0.07518042,0.50585282,1
1506352252,22213929,0.07517154,0.39999184,1
1506352249,22213922,0.07517154,5.86702800,1
1506352236,22213900,0.07517154,1.84442800,1
1506352230,22213892,0.07517126,5.59439400,1
1506352182,22213825,0.07528001,0.27391123,1
1506352180,22213824,0.07528000,1.31239437,1
1506352170,22213791,0.07528000,2.28760563,1
1506352170,22213788,0.07528001,0.54612655,1
1506352136,22213721,0.07513028,1.09046579,1
1506352094,22213652,0.07528600,0.66254390,0
1506352078,22213624,0.07513025,1.00000000,1
1506352062,22213599,0.07513013,0.37837925,1
1506352041,22213573,0.07528994,0.33357500,0
1506352032,22213563,0.07528000,0.19880000,0
1506352004,22213511,0.07513001,0.20000000,1
1506351994,22213486,0.07531697,1.00000000,0
1506351969,22213399,0.07513000,0.19880000,1
1506351908,22213295,0.07533397,0.09893546,1
1506351908,22213293,0.07532697,4.01731373,0
1506351872,22213229,0.07522722,2.06379028,0
1506351872,22213226,0.07522721,0.16226569,0
1506351855,22213201,0.07510001,0.40407800,1
1506351855,22213200,0.07510001,2.60000000,1
1506351845,22213189,0.07510000,4.04473000,1
1506351840,22213179,0.07510000,4.20743800,1
1506351839,22213172,0.07510000,0.16255660,1
1506351835,22213167,0.07510000,5.28023700,1
1506351835,22213166,0.07510001,3.26296849,1
1506351821,22213138,0.07522999,0.65621019,0
1506351821,22213137,0.07519000,0.15269281,0
1506351821,22213136,0.07517300,4.84730719,1
1506351820,22213135,0.07519000,0.15269281,1
1506351817,22213132,0.07521000,0.29300000,1
1506351795,22213076,0.07536000,0.15000000,1
1506351782,22213044,0.07520013,0.72606659,1
1506351748,22212944,0.07529000,0.07030117,0
1506351748,22212943,0.07524000,0.29200000,0
1506351747,22212942,0.07519699,0.00002583,0
1506351725,22212870,0.07519699,2.46256111,0
1506351722,22212848,0.07519699,0.13741306,0
1506351722,22212847,0.07519600,0.15452359,0
1506351722,22212846,0.07519600,2.24552249,0
1506351721,22212844,0.07519600,2.59995392,0
1506351719,22212833,0.07519700,0.73212793,0
1506351719,22212831,0.07519699,2.60000000,0
1506351717,22212828,0.07519700,2.02232000,0
1506351692,22212785,0.07504749,0.14770880,1
1506351692,22212783,0.07504764,1.71992121,1
1506351692,22212782,0.07506000,0.29200000,1
1506351692,22212781,0.07506003,1.65000000,1
1506351675,22212748,0.07522900,0.30920000,0
1506351675,22212747,0.07522000,0.09080000,0
1506351653,22212706,0.07521000,0.10800000,0
1506351653,22212705,0.07520000,0.29200000,0
1506351547,22212482,0.07518000,0.21000000,1
1506351546,22212481,0.07518000,4.35323300,1
1506351492,22212371,0.07536569,1.44000000,0
1506351491,22212369,0.07521000,0.99992023,1
1506351487,22212360,0.07531010,0.19872392,1
1506351485,22212357,0.07531010,0.80127608,1
1506351460,22212333,0.07521678,3.99117096,1
1506351460,22212332,0.07523001,0.09835904,1
1506351456,22212324,0.07521678,0.72001590,1
1506351456,22212323,0.07523000,0.00007608,1
1506351455,22212322,0.07523000,0.19872392,1
1506351438,22212295,0.07524100,0.19860000,1
1506351436,22212292,0.07521678,0.14835342,1
1506351436,22212290,0.07524100,4.97514958,1
1506351434,22212285,0.07524100,0.02485042,1
1506351433,22212284,0.07525000,0.19860000,1
1506351433,22212283,0.07525003,4.51361158,1
1506351421,22212272,0.07530000,1.41313187,0
1506351416,22212269,0.07530000,2.03914500,0
1506351411,22212264,0.07530000,1.41313200,0
1506351411,22212263,0.07530000,1.44000000,0
1506351398,22212248,0.07530000,1.00300000,0
1506351390,22212242,0.07530000,16.60376000,0
1506351375,22212225,0.07530000,1.00000000,0
1506351363,22212215,0.07530000,0.29400000,0
1506351356,22212200,0.07530000,4.98499300,0
1506351352,22212189,0.07530000,0.34990200,0
1506351343,22212180,0.07530000,19.45893613,0
1506351342,22212179,0.07529999,0.17410687,0
1506351313,22212157,0.07529238,3.00000000,1
1506351253,22212074,0.07525000,1.40468300,0
1506351227,22211992,0.07529999,0.30815600,0
1506351224,22211973,0.07529999,1.00899300,0
1506351221,22211969,0.07529999,0.32500213,0
1506351211,22211956,0.07530000,10.61244800,0
1506351210,22211947,0.07530000,0.33779542,0
1506351173,22211897,0.07525919,1.99679000,0
1506351173,22211896,0.07525900,4.90480000,1
1506351162,22211882,0.07525919,1.05882139,1
1506351101,22211741,0.07541984,7.23810600,0
1506351101,22211740,0.07539600,5.00000000,0
1506351091,22211709,0.07521503,1.52625998,1
1506351080,22211664,0.07538900,0.30000000,0
1506351069,22211651,0.07521139,0.49488892,1
1506351032,22211569,0.07521057,1.52625998,1
1506351028,22211562,0.07538984,4.03200000,0
1506351005,22211511,0.07538997,0.57618800,0
1506350995,22211495,0.07521023,2.04757811,1
1506350975,22211434,0.07528400,5.00000000,0
1506350975,22211433,0.07528000,0.08625998,0
1506350972,22211424,0.07528000,1.44000000,0
1506350963,22211399,0.07523600,0.54683157,1
1506350960,22211391,0.07523600,4.39240936,1
1506350954,22211367,0.07528410,0.20000000,1
1506350941,22211315,0.07531000,1.81528300,1
1506350937,22211305,0.07529906,1.52213100,0
1506350937,22211300,0.07530000,0.29200000,1
1506350909,22211236,0.07544965,0.17493000,0
1506350907,22211235,0.07544968,0.06610405,0
1506350906,22211234,0.07544994,0.40000000,0
1506350897,22211207,0.07528701,22.07224291,1
1506350897,22211204,0.07528702,10.53744709,1
1506350894,22211192,0.07528701,2.07834117,1
1506350888,22211176,0.07528707,2.50452764,1
1506350885,22211153,0.07545000,2.45715500,0
1506350877,22211141,0.07544000,0.14669000,0
1506350871,22211127,0.07544999,1.98992787,0
1506350871,22211126,0.07544999,0.36000000,0
1506350858,22211108,0.07544700,1.00100000,0
1506350856,22211105,0.07544700,0.26289465,0
1506350856,22211104,0.07544699,0.14976135,0
1506350856,22211103,0.07540000,0.63948800,0
1506350853,22211097,0.07539997,0.65669800,0
1506350852,22211096,0.07539997,1.98500000,1
1506350842,22211083,0.07540000,0.36051200,0
1506350830,22211075,0.07539997,1.30000000,0
1506350807,22211017,0.07535803,5.00000000,1
1506350806,22211011,0.07535800,1.65911270,1
1506350781,22210975,0.07521902,2.51556288,1
1506350781,22210974,0.07521903,2.48443712,1
1506350778,22210968,0.07533000,3.49802500,0
1506350778,22210967,0.07525000,0.59197500,0
1506350762,22210935,0.07521902,0.08274000,1
1506350759,22210928,0.07521902,0.08274000,1
1506350758,22210922,0.07521901,0.50359166,1
1506350758,22210921,0.07521901,1.78846191,1
1506350757,22210920,0.07521901,0.14669000,1
1506350745,22210894,0.07521901,0.66484809,1
1506350744,22210889,0.07525000,0.15984200,0
1506350736,22210873,0.07521900,1.83332000,1
1506350736,22210872,0.07521901,0.14668000,1
1506350735,22210864,0.07521900,0.20000000,1
1506350730,22210852,0.07525100,1.96001383,1
1506350726,22210833,0.07525100,3.03991974,1
1506350724,22210823,0.07536425,1.44000000,0
1506350717,22210786,0.07531797,0.10000000,1
1506350714,22210778,0.07536697,1.44000000,0
1506350697,22210734,0.07522804,5.08712084,0
1506350697,22210733,0.07521000,0.64287916,0
1506350696,22210731,0.07521000,0.57409100,0
1506350671,22210658,0.07524000,0.14669000,1
1506350624,22210555,0.07542366,1.44000000,1
1506350617,22210541,0.07514919,0.14683000,1
1506350613,22210529,0.07538600,0.40000000,0
1506350607,22210510,0.07535600,4.99864560,0
1506350607,22210507,0.07535004,0.12135440,0
1506350597,22210445,0.07533096,1.00000000,0
1506350596,22210442,0.07533096,0.62500000,0
1506350593,22210432,0.07533097,1.00000000,0
1506350574,22210390,0.07529000,3.56000000,0
1506350573,22210386,0.07528997,0.59650301,0
1506350567,22210374,0.07529000,1.44000000,0
1506350557,22210344,0.07527200,1.44000000,0
1506350550,22210322,0.07525200,0.56034385,0
1506350546,22210314,0.07525200,1.44000000,0
1506350545,22210312,0.07525197,0.59650326,0
1506350535,22210287,0.07523600,1.44000000,0
1506350521,22210248,0.07519200,5.00000000,0
1506350510,22210216,0.07518800,2.85912000,0
1506350510,22210215,0.07518799,0.14688000,0
1506350506,22210195,0.07518800,0.99700000,0
1506350481,22210115,0.07506892,0.20000000,1
1506350476,22210104,0.07506894,0.14684000,1
1506350475,22210100,0.07519200,1.44000000,0
1506350464,22210053,0.07518099,0.30108338,0
1506350458,22210047,0.07506890,0.14688000,1
1506350448,22210023,0.07503138,0.20000000,1
1506350447,22210022,0.07503138,2.17470869,1
1506350447,22210021,0.07503512,0.33772374,1
1506350446,22210015,0.07503138,3.74446602,1
1506350445,22210012,0.07503137,5.82438559,0
1506350442,22209995,0.07503137,0.40000000,1
1506350438,22209982,0.07518400,0.33565230,0
1506350432,22209963,0.07520099,1.44000000,0
1506350427,22209950,0.07503125,17.47509721,1
1506350427,22209948,0.07503125,0.52490279,1
1506350421,22209926,0.07523196,1.20000000,0
1506350414,22209908,0.07503124,0.64456208,1
1506350404,22209869,0.07523200,0.10639600,0
1506350399,22209854,0.07527693,1.44000000,0
1506350386,22209808,0.07504003,0.35990987,0
1506350385,22209805,0.07518998,0.00009013,1
1506350360,22209722,0.07519010,0.18012200,1
1506350355,22209706,0.07519010,0.20000000,1
1506350351,22209686,0.07519012,0.20000000,1
1506350346,22209669,0.07534988,0.40000000,0
1506350318,22209539,0.07519000,0.00000007,0
1506350306,22209484,0.07518999,0.61115879,1
1506350303,22209468,0.07519000,1.07772300,0
1506350297,22209421,0.07518998,0.14990987,1
1506350292,22209398,0.07519000,0.10000000,0
1506350291,22209384,0.07510004,22.09841840,1
1506350289,22209368,0.07518998,0.10000000,0
1506350288,22209352,0.07518998,0.22147229,0
1506350288,22209351,0.07518997,3.12488971,0
1506350287,22209349,0.07510000,1.23818895,1
1506350286,22209324,0.07508001,1.35218907,1
1506350285,22209313,0.07518997,0.10000000,0
1506350284,22209282,0.07518998,0.10000000,0
1506350283,22209269,0.07508001,26.47163000,1
1506350282,22209266,0.07518998,0.10000000,0
1506350280,22209245,0.07518998,0.10000000,0
1506350275,22209192,0.07508001,10.00000000,1
1506350274,22209182,0.07519000,0.10000000,0
1506350271,22209155,0.07508003,0.04011666,0
1506350271,22209151,0.07519000,5.00000000,1
1506350267,22209116,0.07533300,0.08274000,1
1506350263,22209074,0.07533300,1.35218907,1
1506350262,22209065,0.07535001,1.24538075,1
1506350257,22209008,0.07535004,1.56534990,0
1506350256,22208990,0.07470001,49.06659764,1
1506350255,22208988,0.07481639,0.31872276,1
1506350255,22208986,0.07500000,0.25000000,1
1506350255,22208982,0.07506323,0.20000000,1
1506350255,22208977,0.07507507,0.50106000,1
1506350255,22208973,0.07508000,0.67820099,1
1506350255,22208970,0.07510000,6.00000000,1
1506350255,22208966,0.07510003,0.26386990,1
1506350254,22208963,0.07520545,1.32649961,1
1506350254,22208958,0.07521100,5.00000000,1
1506350254,22208953,0.07524397,4.35948173,1
1506350254,22208949,0.07530098,0.15800000,1
1506350254,22208944,0.07530098,0.41032609,1
1506350254,22208940,0.07535005,1.31599967,1
1506350252,22208922,0.07537177,0.22250991,0
1506350252,22208920,0.07537177,1.18203911,0
1506350251,22208917,0.07535005,0.67074652,0
1506350251,22208904,0.07535004,5.26884923,1
1506350250,22208897,0.07535004,1.35218907,1
1506350248,22208878,0.07535004,2.03991929,1
1506350246,22208863,0.07535004,0.06802490,1
1506350246,22208859,0.07535004,0.33867909,1
1506350244,22208840,0.07535005,0.34534154,1
1506350243,22208835,0.07535005,1.55773135,1
1506350243,22208830,0.07536000,0.29100000,0
1506350237,22208791,0.07535007,2.49853161,1
1506350232,22208747,0.07535007,0.52482938,0
1506350227,22208721,0.07535004,1.69794056,1
1506350227,22208710,0.07539401,0.10000000,0
1506350224,22208689,0.07539401,0.20346991,1
1506350223,22208687,0.07539401,2.35863347,1
1506350223,22208686,0.07542987,0.16789662,1
1506350222,22208684,0.07542987,0.07230638,0
1506350219,22208658,0.07542987,0.10000000,0
1506350217,22208647,0.07542987,0.10000000,0
1506350216,22208637,0.07542987,0.25483362,0
1506350214,22208624,0.07539401,0.24136653,1
1506350210,22208589,0.07543990,0.40000000,0
1506350200,22208509,0.07552684,0.06702527,0
1506350200,22208507,0.07552683,0.33297473,0
1506350194,22208446,0.07548062,0.19999500,1
1506350189,22208402,0.07552700,1.76213643,0
1506350189,22208401,0.07552700,0.33436000,0
1506350187,22208395,0.07552684,0.90910523,0
1506350181,22208348,0.07552700,1.10911200,1
1506350180,22208347,0.07552700,3.78982100,1
1506350180,22208346,0.07556000,0.29100000,1
1506350175,22208320,0.07558000,2.25852150,1
1506350175,22208319,0.07558000,1.21017800,1
1506350171,22208303,0.07558000,1.11952300,1
1506350170,22208296,0.07558000,0.20000000,1
1506350162,22208250,0.07558000,1.38685400,1
1506350160,22208244,0.07558000,5.20281800,1
1506350160,22208241,0.07558000,1.35813708,1
1506350155,22208225,0.07558000,0.21230603,1
1506350154,22208222,0.07558000,1.58684900,1
1506350153,22208218,0.07558000,0.20000000,1
1506350150,22208182,0.07558000,5.53459400,1
1506350150,22208180,0.07558000,4.66919200,1
1506350149,22208173,0.07558000,0.20000000,1
1506350148,22208169,0.07558000,10.67339510,1
1506350148,22208166,0.07558000,5.57600400,1
1506350147,22208162,0.07558000,12.18534000,1
1506350146,22208160,0.07558000,3.71517800,1
1506350140,22208144,0.07558000,0.20000000,1
1506350138,22208137,0.07558000,16.63502300,1
1506350137,22208132,0.07558000,1.12694000,1
1506350132,22208121,0.07571864,1.00000000,0
1506350125,22208110,0.07558000,0.20000000,1
1506350122,22208107,0.07558000,6.37349000,1
1506350121,22208106,0.07558000,0.20000000,1
1506350115,22208097,0.07558000,17.06513863,1
1506350115,22208095,0.07558001,2.48754640,1
1506350110,22208066,0.07558001,1.35218907,1
1506350098,22208039,0.07558004,0.20000000,1
1506350091,22208029,0.07558001,0.20000000,1
1506350079,22207996,0.07558000,0.91051866,1
1506350062,22207977,0.07561697,0.24293423,0
1506350062,22207975,0.07557999,0.15706577,0
1506350034,22207922,0.07558000,3.76884100,0
1506350032,22207921,0.07543162,0.20000000,1
1506350029,22207917,0.07543174,0.20000000,1
1506350025,22207911,0.07543158,0.20000000,1
1506350019,22207905,0.07543115,0.20000000,1
1506350015,22207902,0.07543100,0.20000000,1
1506350014,22207899,0.07559576,0.40000000,0
1506350008,22207892,0.07543073,0.20000000,1
1506350005,22207891,0.07557699,1.44000000,0
1506349993,22207875,0.07557688,1.44000000,0
1506349989,22207869,0.07542958,0.19416100,1
1506349980,22207856,0.07542897,0.20000000,1
1506349978,22207852,0.07558000,0.10607790,0
1506349978,22207851,0.07553505,0.09312599,0
1506349974,22207845,0.07548075,0.19950000,0
1506349969,22207832,0.07548062,0.19959842,0
1506349958,22207811,0.07548062,0.03810414,1
1506349958,22207810,0.07548062,0.16189586,1
1506349947,22207774,0.07548046,0.20000000,1
1506349931,22207732,0.07559587,0.68420368,0
1506349929,22207723,0.07553505,0.20000000,1
1506349910,22207667,0.07553000,0.01900000,1
1506349893,22207636,0.07553002,0.40000000,0
1506349893,22207635,0.07553002,2.20000000,0
1506349884,22207618,0.07553505,1.81300000,0
1506349884,22207617,0.07553505,0.38700000,0
1506349878,22207605,0.07553001,12.14145821,0
1506349877,22207603,0.07553001,17.85854179,1
1506349870,22207587,0.07553000,0.29100000,0
1506349864,22207573,0.07553505,0.40000000,1
1506349850,22207516,0.07550603,0.34460812,1
1506349835,22207465,0.07565183,0.12817000,1
1506349823,22207424,0.07561402,0.27182700,0
1506349820,22207417,0.07568999,0.40000000,0
1506349818,22207409,0.07553500,0.07920000,1
1506349814,22207392,0.07562000,0.71280000,1
1506349813,22207389,0.07562000,0.32263752,1
1506349812,22207383,0.07569000,0.96000000,0
1506349806,22207359,0.07562000,0.36058875,1
1506349802,22207334,0.07569000,0.10000500,0
1506349802,22207330,0.07569000,0.29999500,1
1506349799,22207314,0.07576235,0.64000000,0
1506349788,22207290,0.07574860,1.36000000,0
1506349767,22207158,0.07558600,0.34493754,1
1506349759,22207133,0.07575761,0.62757500,0
1506349757,22207129,0.07565481,0.20000000,1
1506349740,22207031,0.07565473,0.20000000,1
1506349738,22207024,0.07565472,0.20000000,1
1506349733,22206996,0.07575761,0.33930656,0
1506349733,22206992,0.07565471,0.20000000,1
1506349732,22206991,0.07575762,4.09122416,0
1506349729,22206979,0.07565471,0.20000000,1
1506349723,22206934,0.07563603,11.06541000,1
1506349722,22206932,0.07575770,0.14202801,1
1506349722,22206930,0.07575000,0.19710000,0
1506349706,22206793,0.07563603,0.30000000,1
1506349704,22206782,0.07563603,3.58632000,1
1506349704,22206780,0.07569000,0.15000000,1
1506349662,22206482,0.07570846,0.32931500,1
1506349659,22206457,0.07570846,11.66106619,1
1506349657,22206442,0.07570846,1.61802143,1
1506349654,22206427,0.07570846,0.06847205,1
1506349654,22206424,0.07570846,1.02708069,1
1506349651,22206409,0.07570846,0.54713933,1
1506349651,22206408,0.07570846,0.25657638,1
1506349645,22206362,0.07570846,0.25020000,1
1506349638,22206308,0.07570846,0.50924712,1
1506349637,22206304,0.07570846,0.40007600,1
1506349626,22206202,0.07570845,1.15339740,1
1506349624,22206179,0.07570845,0.47141100,1
1506349624,22206173,0.07570845,0.27575788,1
1506349621,22206133,0.07570845,1.60001969,1
1506349619,22206114,0.07570845,0.57886900,1
1506349614,22206077,0.07570845,0.40224948,1
1506349611,22206043,0.07570845,0.10916200,1
1506349608,22206017,0.07570845,0.72227063,1
1506349608,22206013,0.07570845,0.22992200,1
1506349606,22205970,0.07570845,0.77268724,1
1506349602,22205931,0.07570845,1.85170482,1
1506349597,22205878,0.07570845,1.95123832,1
1506349595,22205859,0.07570845,1.04517394,1
1506349587,22205739,0.07570845,1.86863739,1
1506349585,22205727,0.07570845,0.25657700,1
1506349583,22205679,0.07570845,12.59172772,1
1506349578,22205603,0.07570845,0.92621479,1
1506349573,22205538,0.07570845,0.20655079,1
1506349572,22205531,0.07570845,3.60000000,1
1506349569,22205490,0.07570845,0.10136421,1
1506349562,22205409,0.07570845,0.58314965,1
1506349558,22205352,0.07570845,0.79353810,1
1506349557,22205333,0.07570845,2.02095011,1
1506349556,22205331,0.07570845,1.10175358,1
1506349556,22205328,0.07570845,4.74380376,1
1506349554,22205306,0.07570845,8.54401000,1
1506349554,22205304,0.07570845,0.07000000,1
1506349545,22205228,0.07570845,6.06762105,1
1506349545,22205225,0.07575785,0.40000000,1
1506349540,22205193,0.07571999,0.36925183,0
1506349538,22205181,0.07572379,0.30615769,1
1506349536,22205174,0.07597993,0.10000000,0
1506349534,22205154,0.07570845,0.17764197,1
1506349533,22205150,0.07570845,1.21867779,1
1506349533,22205146,0.07572000,0.19710000,1
1506349527,22205101,0.07572000,1.91476842,1
1506349519,22205049,0.07577004,3.60000000,1
1506349499,22204845,0.07577002,0.15000000,1
1506349493,22204801,0.07577001,3.73530362,1
1506349492,22204800,0.07577000,0.29100000,1
1506349484,22204721,0.07572001,2.96280000,1
1506349483,22204713,0.07599996,0.10000000,0
1506349482,22204711,0.07591000,0.10000000,0
1506349481,22204705,0.07591000,0.35405505,0
1506349481,22204702,0.07590960,3.34842139,0
1506349481,22204699,0.07590621,0.14276637,0
1506349481,22204697,0.07590000,1.15475719,0
1506349481,22204696,0.07590000,0.24270000,0
1506349480,22204694,0.07590000,0.10000000,0
1506349480,22204691,0.07570845,9.00000000,1
1506349479,22204681,0.07570845,0.41032609,1
1506349479,22204678,0.07590621,0.10000000,0
1506349478,22204677,0.07570845,5.00000000,1
1506349477,22204663,0.07590621,0.10000000,0
1506349474,22204633,0.07510001,69.37302535,1
1506349474,22204631,0.07510001,1.89523546,0
1506349473,22204627,0.07530098,4.00000000,1
1506349472,22204624,0.07553579,0.17000000,1
1506349472,22204616,0.07560000,0.13195767,1
1506349471,22204608,0.07570000,0.74676262,1
1506349471,22204606,0.07570000,0.63000000,0
1506349471,22204603,0.07570004,2.33924326,1
1506349470,22204598,0.07573212,9.44172099,1
1506349470,22204595,0.07583836,0.20000000,1
1506349470,22204593,0.07586857,74.98000000,1
1506349470,22204589,0.07590000,5.00000000,1
1506349469,22204585,0.07591000,2.51000000,1
1506349464,22204565,0.07591600,0.04334451,1
1506349464,22204563,0.07600000,0.30000000,1
1506349455,22204504,0.07600500,1.00862854,1
1506349455,22204502,0.07601193,0.35729924,1
1506349455,22204501,0.07602000,0.84763712,1
1506349454,22204497,0.07602000,0.72687100,1
1506349454,22204495,0.07602000,0.35723340,1
1506349446,22204441,0.07605000,1.50000000,1
1506349445,22204440,0.07605100,0.00007429,1
1506349445,22204438,0.07605100,0.14992571,1
1506349429,22204386,0.07610000,1.00000000,1
1506349418,22204364,0.07610007,1.54379100,0
1506349405,22204313,0.07610006,0.26277838,0
1506349401,22204303,0.07610006,1.54355017,1
1506349382,22204264,0.07611000,1.35000538,1
1506349377,22204249,0.07610005,4.21775241,1
1506349371,22204220,0.07610001,6.33833992,1
1506349371,22204218,0.07612300,5.00000000,1
1506349370,22204215,0.07612303,1.49995966,1
1506349172,22203952,0.07627293,0.50000000,0
1506349125,22203905,0.07612103,1.53903593,1
1506349075,22203880,0.07618345,2.33430500,1
1506349035,22203856,0.07618345,0.26569500,1
1506349021,22203850,0.07634615,1.00000000,0
1506348980,22203820,0.07618340,0.86528082,1
1506348980,22203819,0.07618343,4.90455991,1
1506348918,22203746,0.07618272,0.10359485,1
1506348856,22203644,0.07620936,2.41965125,1
1506348683,22203551,0.07634570,6.19209700,0
1506348678,22203549,0.07615702,3.77381303,1
1506348678,22203548,0.07620000,0.00006597,1
1506348669,22203536,0.07620000,1.04459318,1
1506348575,22203439,0.07620001,3.23103100,1
1506348545,22203422,0.07631900,0.00315100,0
1506348543,22203421,0.07621911,0.19684900,0
1506348506,22203402,0.07630400,5.00000000,0
1506348506,22203401,0.07621911,0.28716400,0
1506348480,22203376,0.07622729,0.79230200,1
1506348479,22203372,0.07622729,3.09359100,1
1506348468,22203361,0.07622729,6.90053645,1
1506348467,22203360,0.07622730,0.00007303,1
1506348467,22203359,0.07622730,0.84839684,1
1506348445,22203316,0.07637800,0.35745895,0
1506348442,22203312,0.07637789,0.64254377,0
1506348401,22203256,0.07622729,0.35449800,1
1506348398,22203248,0.07622728,3.87831900,1
1506348381,22203230,0.07622709,5.15993335,1
1506348381,22203227,0.07622708,1.69090854,0
1506348380,22203225,0.07622707,2.18636994,1
1506348380,22203223,0.07622708,1.69102606,1
1506348378,22203220,0.07622707,3.87697900,1
1506348374,22203213,0.07622706,3.87662800,1
1506348363,22203192,0.07638788,0.39000000,0
1506348354,22203186,0.07625003,0.81889660,0
1506348333,22203166,0.07625003,1.92147531,0
1506348325,22203160,0.07629400,0.00000047,1
1506348323,22203156,0.07629400,4.99999953,1
1506348323,22203155,0.07639000,0.00007147,1
1506348202,22203101,0.07640000,5.73725759,0
1506348202,22203099,0.07639999,1.30091889,0
1506348166,22203087,0.07639999,0.16380300,1
1506348121,22203070,0.07639987,4.37700000,0
1506347753,22202863,0.07639999,0.30000000,0
1506347702,22202847,0.07639999,0.30000000,0
1506347699,22202845,0.07639999,0.30000000,0
1506347691,22202841,0.07639999,0.30000000,0
1506347688,22202840,0.07640000,0.30000000,0
1506347683,22202836,0.07640000,0.30000000,0
1506347676,22202832,0.07640000,1.00000000,0
1506347672,22202825,0.07640000,1.00000000,0
1506347668,22202823,0.07640000,0.30000000,0
1506347666,22202822,0.07640000,0.30000000,0
1506347661,22202820,0.07640000,0.30000000,0
1506347656,22202818,0.07640000,0.30000000,0
1506347652,22202816,0.07640000,0.30000000,0
1506347650,22202815,0.07640000,0.30000000,0
1506347649,22202814,0.07640000,0.11441000,0
1506347644,22202811,0.07640000,0.30000000,0
1506347641,22202810,0.07640000,0.30000000,0
1506347640,22202809,0.07640000,0.12314333,0
1506347640,22202808,0.07639999,0.17685667,0
1506347633,22202805,0.07640000,0.30000000,0
1506347628,22202804,0.07640000,0.40000000,0
1506347620,22202799,0.07640000,0.40000000,0
1506347614,22202798,0.07640000,0.40000000,0
1506347609,22202794,0.07640000,0.40000000,0
1506347603,22202792,0.07640000,0.18987327,0
1506347603,22202790,0.07639999,0.21012673,0
1506347594,22202787,0.07640000,0.30000000,0
1506347590,22202784,0.07640000,0.30000000,0
1506347584,22202781,0.07640000,0.15034400,0
1506347582,22202780,0.07640000,0.30000000,0
1506347578,22202776,0.07640000,0.40000000,0
1506347574,22202775,0.07640000,0.40000000,0
1506347573,22202774,0.07639999,0.24965552,0
1506347558,22202771,0.07640000,0.40000000,0
1506347556,22202768,0.07640000,0.50000000,0
1506347551,22202766,0.07640000,0.37480000,0
1506347544,22202762,0.07640000,0.58934458,0
1506347544,22202761,0.07639999,0.01065542,0
1506347538,22202753,0.07639999,0.28596500,0
1506347523,22202737,0.07640000,0.24757970,0
1506347523,22202736,0.07639999,0.35242030,0
1506347517,22202735,0.07640000,0.60000000,0
1506347514,22202732,0.07640000,0.60000000,0
1506347511,22202729,0.07640000,0.60000000,0
1506347508,22202728,0.07640000,0.18128281,0
1506347508,22202727,0.07639999,0.41871719,0
1506347504,22202726,0.07640000,0.60000000,0
1506347501,22202725,0.07640000,0.60000000,0
1506347498,22202723,0.07640000,0.51144223,0
1506347498,22202722,0.07639999,0.49748577,0
1506347491,22202721,0.07640000,0.60000000,0
1506347491,22202720,0.07640000,0.60000000,0
1506347488,22202715,0.07640000,0.60000000,0
1506347487,22202714,0.07639999,0.09107221,0
1506347482,22202711,0.07639999,0.50000000,0
1506347426,22202670,0.07639996,0.30000000,0
1506347336,22202645,0.07639937,3.46680300,0
1506347245,22202580,0.07640000,0.60046599,0
1506347245,22202579,0.07639999,0.70226401,0
1506347231,22202567,0.07640000,1.01761672,0
1506347231,22202565,0.07639999,1.02770342,0
1506347231,22202563,0.07639999,1.02770342,0
1506347173,22202538,0.07639000,0.21650740,1
1506347161,22202531,0.07639996,0.93557640,0
1506347043,22202475,0.07639999,0.18567500,0
1506346662,22202297,0.07639990,0.11750735,0
1506346600,22202252,0.07638197,0.50000000,0
1506345999,22201995,0.07624003,3.28287654,0
1506345208,22201535,0.07643685,3.59722000,0
1506345188,22201520,0.07625000,0.18000000,1
1506345141,22201492,0.07626131,0.18374603,1
1506345081,22201453,0.07625042,0.30748732,1
1506345073,22201447,0.07641890,0.31910242,0
1506345073,22201446,0.07636506,1.39863365,0
1506345072,22201445,0.07636500,1.45718400,0
1506345072,22201443,0.07636500,0.65540800,0
1506345021,22201414,0.07625162,1.44980221,1
1506344726,22201212,0.07625151,0.19995079,0
1506344718,22201207,0.07625151,0.20000000,1
1506344664,22201168,0.07633403,0.39997400,0
1506344664,22201167,0.07633403,2.78430665,0
1506344589,22201081,0.07630000,0.20000000,1
1506344589,22201080,0.07630000,0.20000000,1
1506344587,22201074,0.07633401,2.20653572,1
1506344587,22201073,0.07633401,2.42217214,1
1506344587,22201071,0.07633401,2.82217214,1
1506344376,22200888,0.07633403,0.26006300,0
1506344283,22200862,0.07646200,1.80893100,0
1506344281,22200861,0.07636506,0.93849900,0
1506344280,22200860,0.07636500,0.23441600,0
1506344267,22200852,0.07636500,0.88982400,0
1506344267,22200851,0.07636500,1.38117200,0
1506344266,22200850,0.07633403,0.27889500,0
1506344266,22200849,0.07632000,0.28900000,0
1506344257,22200834,0.07636500,0.88982400,1
1506344253,22200827,0.07636500,3.72818000,1
1506344250,22200822,0.07636506,0.44717400,1
1506344247,22200818,0.07636500,0.38199600,1
1506344088,22200767,0.07648896,0.60100000,0
1506343871,22200670,0.07634800,0.15000000,1
1506343871,22200669,0.07638100,4.06780300,1
1506343869,22200667,0.07638100,0.93219700,1
1506343867,22200663,0.07638103,3.60000000,1
1506343795,22200642,0.07647700,0.19391900,0
1506343785,22200639,0.07646999,0.19391900,0
1506343784,22200638,0.07647000,5.00000000,0
1506343784,22200637,0.07641800,0.07756485,0
1506343666,22200611,0.07630413,0.42571100,1
1506343574,22200581,0.07641800,0.07237415,1
1506343573,22200579,0.07641800,0.07762585,1
1506343420,22200528,0.07634903,0.51323476,1
1506343398,22200519,0.07651800,4.08085509,0
1506343398,22200518,0.07651799,0.53376300,0
1506343398,22200517,0.07649283,0.08364191,0
1506343330,22200471,0.07645999,2.50000000,0
1506343325,22200469,0.07645963,4.24324900,0
1506343324,22200468,0.07640000,1.00000000,0
1506343259,22200384,0.07640999,0.10000000,0
1506343078,22200240,0.07652567,1.54955695,0
1506343009,22200206,0.07640628,1.40485500,1
1506342999,22200198,0.07640631,1.52823200,0
1506342999,22200197,0.07647000,0.00004300,1
1506342907,22200167,0.07647000,0.70995700,1
1506342660,22200101,0.07656993,2.59999500,0
1506342321,22199968,0.07657000,0.70994817,0
1506342065,22199871,0.07643816,10.18726829,0
1506342065,22199870,0.07650000,3.72977495,1
1506342064,22199869,0.07650001,0.08364191,1
1506341959,22199845,0.07666997,3.25259746,0
1506341838,22199787,0.07665971,0.08947100,1
1506341835,22199786,0.07665971,0.38815400,0
1506341833,22199784,0.07665987,0.99275600,0
1506341800,22199768,0.07668955,4.57839600,1
1506341786,22199749,0.07669955,11.25451700,0
1506341576,22199650,0.07650001,9.69962034,1
1506341572,22199648,0.07658821,0.33570900,0
1506341474,22199617,0.07650000,0.43651600,1
1506341404,22199583,0.07650000,0.83370905,1
1506341347,22199568,0.07659300,0.10000000,0
1506341347,22199567,0.07650000,17.23015396,0
1506341346,22199565,0.07650000,0.10000000,0
1506341344,22199563,0.07650000,0.10000000,0
1506341343,22199562,0.07650000,0.10000000,0
1506341341,22199561,0.07650000,0.10000000,0
1506341340,22199560,0.07650000,5.00000000,0
1506341339,22199558,0.07650000,0.10000000,0
1506341337,22199557,0.07650000,0.10000000,0
1506341337,22199556,0.07650000,5.00000000,0
1506341336,22199555,0.07650000,0.10000000,0
1506341334,22199554,0.07650000,0.10000000,0
1506341332,22199553,0.07650000,0.10000000,0
1506341330,22199552,0.07650000,4.85393900,0
1506341330,22199551,0.07649000,0.14606100,0
1506341330,22199550,0.07649000,0.10000000,0
1506341328,22199549,0.07649000,0.10000000,0
1506341326,22199548,0.07650000,0.10000000,0
1506341324,22199546,0.07650000,0.10000000,0
1506341323,22199544,0.07650000,5.00000000,0
1506341321,22199543,0.07650000,0.10000000,0
1506341320,22199542,0.07650000,0.10000000,0
1506341153,22199426,0.07644104,1.94899400,1
1506341151,22199425,0.07644105,0.53376300,1
1506341150,22199424,0.07644104,0.15543400,1
1506341149,22199416,0.07644104,3.50555500,1
1506341113,22199395,0.07644086,0.29584599,1
1506341110,22199392,0.07656000,0.10000000,0
1506341109,22199391,0.07644087,1.16726100,0
1506341108,22199390,0.07644087,0.10000000,0
1506340908,22199313,0.07663220,2.27196254,1
1506340504,22199129,0.07644017,0.06900756,1
1506340498,22199128,0.07656000,20.45632200,1
1506340474,22199122,0.07656000,12.89316400,1
1506340468,22199120,0.07656000,5.37779900,1
1506340459,22199109,0.07656000,0.10000000,1
1506340455,22199106,0.07656000,4.22505700,1
1506340450,22199094,0.07656000,0.51603971,1
1506340430,22199082,0.07656000,58.37067490,1
1506340430,22199081,0.07656003,13.73532510,1
1506340325,22199050,0.07658000,0.44606100,1
1506340304,22199036,0.07663929,1.17844390,0
1506340304,22199035,0.07663926,12.73745610,0
1506340141,22198861,0.07659300,1.55380000,0
1506340001,22198774,0.07640079,4.25765540,0
1506340000,22198772,0.07643200,5.00000000,1
1506340000,22198771,0.07643407,25.61100000,1
1506340000,22198770,0.07643408,2.60000000,1
1506339961,22198754,0.07668997,0.99786900,0
1506339933,22198739,0.07663500,5.00000000,0
1506339638,22198604,0.07640000,1.07688889,0
1506339637,22198603,0.07640000,0.00006830,1
1506339542,22198576,0.07646000,0.08274000,1
1506339423,22198540,0.07646003,0.30000000,0
1506339412,22198538,0.07646003,2.58266813,0
1506339412,22198537,0.07647000,0.28900000,1
1506339343,22198525,0.07665141,0.25000000,0
1506339224,22198486,0.07640128,0.19591137,1
1506338977,22198315,0.07655500,5.00000000,1
1506338272,22197825,0.07665904,7.92046000,1
1506338250,22197806,0.07665903,7.89829650,1
1506338250,22197805,0.07670000,0.87994100,1
1506337963,22197739,0.07670000,0.12005900,1
1506337602,22197611,0.07671036,11.24050798,1
1506337390,22197552,0.07687361,0.21056616,0
1506337382,22197538,0.07687363,5.08521384,0
1506337180,22197438,0.07671351,5.09578000,1
1506337092,22197326,0.07671306,0.46740000,1
1506336949,22197222,0.07671143,0.34541780,1
1506336887,22197144,0.07674200,4.99993485,1
1506336885,22197139,0.07674203,1.47999500,1
1506336870,22197128,0.07678100,5.00000000,0
1506336829,22197093,0.07680003,0.81968300,1
1506336825,22197083,0.07681000,0.46740000,1
1506336740,22197064,0.07682100,0.66000000,1
1506336734,22197062,0.07694338,1.26758585,0
1506336734,22197061,0.07685000,5.00000000,0
1506336732,22197060,0.07678725,0.00060555,0
1506336650,22197030,0.07670893,0.08274000,1
1506336593,22196996,0.07670881,0.08274000,1
1506336304,22196619,0.07678725,0.12050328,0
1506336142,22196539,0.07670416,0.13069000,1
1506336083,22196513,0.07678000,1.00000000,1
1506336002,22196477,0.07678725,0.15588617,0
1506335464,22196303,0.07678613,0.40334800,1
1506335275,22196195,0.07678541,0.22999500,1
1506334902,22195988,0.07690844,0.32800861,0
1506334897,22195986,0.07687000,0.46730000,0
1506334838,22195972,0.07678160,0.62758000,1
1506334806,22195958,0.07678142,0.24278700,0
1506334805,22195955,0.07678142,0.16894722,1
1506334633,22195911,0.07686055,5.00251200,1
1506334247,22195748,0.07686052,2.43414900,1
1506334237,22195742,0.07686052,0.45668400,1
1506333968,22195659,0.07686052,0.67145296,1
1506333384,22195361,0.07686022,0.22071700,1
1506333237,22195332,0.07686014,0.22992412,1
1506333231,22195329,0.07686014,6.90443708,1
1506333221,22195322,0.07686014,0.39164098,1
1506333221,22195321,0.07687000,0.00011202,1
1506333220,22195318,0.07687000,0.46718798,1
1506333193,22195308,0.07690500,0.22996700,1
1506333187,22195299,0.07690500,2.99993915,1
1506333181,22195298,0.07705128,0.20000000,0
1506333173,22195292,0.07689200,0.22053600,1
1506332824,22195143,0.07699934,0.99751478,0
1506332679,22194933,0.07689896,3.34842100,0
1506332676,22194932,0.07689893,0.86982200,0
1506332645,22194896,0.07686000,4.99999956,1
1506332644,22194893,0.07685781,0.51899744,0
1506332583,22194867,0.07672562,0.46830000,1
1506332372,22194766,0.07675500,0.13405145,1
1506332360,22194758,0.07680000,0.46830000,1
1506332186,22194705,0.07693697,0.00142893,0
1506332185,22194704,0.07686900,2.04114107,0
1506332130,22194678,0.07686900,0.11552100,0
1506331971,22194657,0.07678200,0.71653100,1
1506331822,22194606,0.07691400,2.61000000,0
1506331539,22194401,0.07686800,5.00000000,0
1506331506,22194381,0.07681000,1.28225700,0
1506331386,22194229,0.07681000,0.64663900,0
1506331385,22194221,0.07681000,0.20000000,0
1506331377,22194212,0.07681000,2.32121900,0
1506331361,22194147,0.07690798,8.32859347,1
1506331361,22194144,0.07690796,0.87992063,0
1506331313,22194080,0.07682600,5.00000000,0
1506331305,22194075,0.07675000,0.30663000,0
1506331213,22194047,0.07674000,0.30663000,1
1506331057,22193974,0.07679000,0.56993099,1
1506330828,22193822,0.07680000,0.42882813,1
1506330783,22193809,0.07693597,1.49381497,0
1506330781,22193808,0.07687900,1.00618503,0
1506330313,22193593,0.07680000,0.29902700,1
1506330305,22193588,0.07680000,0.60093800,1
1506330014,22193416,0.07674531,0.25328455,0
1506330012,22193412,0.07674531,0.39333133,1
1506330011,22193411,0.07674530,0.27699500,1
1506330008,22193404,0.07690000,0.89377997,0
1506329982,22193331,0.07674524,1.56005767,1
1506329842,22193237,0.07680000,1.00000000,1
1506329673,22193146,0.07690751,0.03836413,1
1506329672,22193145,0.07685000,1.00000000,0
1506329580,22193059,0.07678009,3.34842165,1
1506329580,22193058,0.07679000,2.61000000,1
1506329358,22192920,0.07685494,0.92030518,1
1506329357,22192919,0.07685500,4.86985063,0
1506329357,22192917,0.07685000,0.13014437,0
1506329351,22192908,0.07685316,1.41729500,0
1506329029,22192517,0.07666600,0.81023936,1
1506329029,22192516,0.07668335,5.44019068,1
1506329029,22192515,0.07676612,2.36000000,1
1506329029,22192514,0.07676613,0.24401100,1
1506329029,22192512,0.07676614,0.14555896,1
1506329024,22192511,0.07676613,2.36598900,1
1506329000,22192489,0.07678000,0.13010000,1
1506328966,22192479,0.07686000,0.46745563,0
1506328870,22192438,0.07688294,1.56764595,1
1506328823,22192425,0.07671672,3.98992554,1
1506328801,22192398,0.07689093,1.00000000,0
1506328730,22192382,0.07671583,4.51001500,0
1506328651,22192308,0.07672683,0.90360900,1
1506328651,22192306,0.07676000,0.46750000,1
1506328599,22192227,0.07692738,9.09481900,0
1506328597,22192223,0.07692738,1.91349295,0
1506328586,22192191,0.07692741,0.54076917,0
1506328537,22192136,0.07675003,2.00000000,1
1506328493,22192123,0.07694193,1.87073516,1
1506328493,22192122,0.07694193,2.00900869,0
1506328383,22192072,0.07689620,5.70027000,0
1506328067,22191836,0.07681964,0.70854132,1
1506328067,22191834,0.07688000,0.67779268,1
1506328016,22191746,0.07688000,0.24288000,1
1506328016,22191745,0.07688999,0.63770500,0
1506328016,22191744,0.07688999,0.24288000,0
1506328016,22191743,0.07688999,0.14323797,0
1506328004,22191722,0.07687996,0.33000000,0
1506327805,22191595,0.07684597,3.99049600,1
1506327577,22191483,0.07667938,1.06992258,1
1506327544,22191469,0.07667917,0.82277800,1
1506327536,22191461,0.07667910,0.15821339,0
1506327518,22191452,0.07667908,0.50945900,1
1506327511,22191432,0.07683987,0.20472015,0
1506327497,22191416,0.07667898,0.99099500,1
1506327485,22191394,0.07667883,0.38548000,1
1506327368,22191359,0.07672000,0.14687724,1
1506327362,22191352,0.07677500,5.00000000,1
1506327357,22191346,0.07686000,0.10378728,1
1506327270,22191215,0.07689978,0.54223343,0
1506327270,22191213,0.07689978,2.39309693,0
1506327270,22191211,0.07688961,2.84975317,0
1506327269,22191209,0.07688961,5.66340098,0
1506327268,22191204,0.07688950,0.93000000,0
1506327268,22191203,0.07688000,1.67591448,0
1506327267,22191200,0.07687997,2.84971600,0
1506327266,22191195,0.07688000,0.93408552,1
1506327223,22191182,0.07676000,0.24288000,1
1506326974,22191089,0.07684252,0.36000000,0
1506326941,22191055,0.07684300,0.38731100,0
1506326882,22191019,0.07684400,0.32740000,0
1506326809,22190988,0.07681989,2.18115527,0
1506326780,22190978,0.07672200,1.11000000,0
1506326773,22190970,0.07672200,1.50000000,1
1506326579,22190879,0.07672000,1.99746100,1
1506326525,22190862,0.07672000,0.19994600,1
1506326499,22190858,0.07672000,0.83042900,1
1506326450,22190841,0.07685028,4.98426798,0
1506326402,22190750,0.07672000,0.42528676,1
1506326167,22190672,0.07656357,0.54426900,1
1506326123,22190645,0.07659302,0.94167951,1
1506326123,22190644,0.07665420,0.00032049,1
1506326116,22190635,0.07665421,0.90402080,0
1506326112,22190631,0.07659400,0.45718151,0
1506326105,22190617,0.07664002,0.90354883,1
1506326094,22190585,0.07664002,0.64660180,0
1506326094,22190582,0.07659600,0.95715181,1
1506326093,22190579,0.07664002,0.00007079,1
1506326093,22190578,0.07664002,2.60992921,1
1506326070,22190550,0.07664000,1.36835165,1
1506326070,22190548,0.07674000,0.00009825,1
1506326059,22190526,0.07674000,0.19990175,1
1506326057,22190520,0.07674300,0.20010945,0
1506326040,22190490,0.07658004,5.00000000,1
1506326037,22190486,0.07658003,5.35472800,1
1506325983,22190446,0.07671997,0.24675576,1
1506325983,22190445,0.07671000,0.15676574,0
1506325983,22190444,0.07670999,0.19321677,0
1506325966,22190439,0.07672000,0.14995902,0
1506325948,22190436,0.07674097,0.14996844,0
1506325829,22190398,0.07661869,0.01099551,1
1506325829,22190397,0.07661870,0.14997949,1
1506325816,22190394,0.07663149,1.82382099,1
1506325807,22190386,0.07666000,0.30672476,1
1506325806,22190385,0.07665000,0.52042200,1
1506325806,22190383,0.07666000,0.02500500,1
1506325784,22190372,0.07666000,0.97499500,1
1506325779,22190363,0.07679000,0.08274000,1
1506325718,22190348,0.07675000,1.00000000,0
1506324867,22189962,0.07678869,0.19420828,0
1506324823,22189906,0.07670000,0.79146600,1
1506324823,22189904,0.07670000,0.22995900,1
1506324821,22189903,0.07670000,0.61329700,1
1506324813,22189894,0.07670000,1.96527800,1
1506324803,22189879,0.07655779,0.95987600,1
1506324801,22189869,0.07655779,1.09300000,1
1506324800,22189867,0.07655778,0.73310200,1
1506324797,22189863,0.07655777,5.31898800,1
1506324797,22189861,0.07655777,1.20095900,1
1506324795,22189851,0.07655780,6.48184800,1
1506324594,22189629,0.07655685,2.61000000,1
1506324569,22189616,0.07655685,0.46804595,1
1506324566,22189614,0.07655737,1.37306871,0
1506324565,22189613,0.07655738,1.23689173,1
1506324532,22189594,0.07655733,0.43619400,1
1506324426,22189538,0.07655699,1.73876300,1
1506324425,22189535,0.07655699,0.22999500,1
1506324330,22189484,0.07654233,0.32455335,1
1506324310,22189451,0.07669997,0.46570572,0
1506324304,22189442,0.07654212,0.32408599,1
1506324304,22189441,0.07654212,4.61707056,1
1506324294,22189407,0.07654212,0.32294089,1
1506324293,22189402,0.07654212,0.26015257,1
1506324291,22189392,0.07654211,0.94020690,0
1506324291,22189391,0.07654211,0.06989830,0
1506324290,22189389,0.07654208,2.55084000,1
1506324287,22189372,0.07654208,2.96401378,1
1506324286,22189363,0.07654208,0.32237523,1
1506324281,22189348,0.07654208,1.35177706,1
1506324276,22189338,0.07654208,0.11900297,1
1506324275,22189335,0.07654207,4.55135327,0
1506324274,22189328,0.07654207,0.32149638,1
1506324257,22189291,0.07654196,4.65615202,1
1506324249,22189274,0.07654196,1.32828182,1
1506324247,22189266,0.07654196,5.00000000,1
1506324247,22189265,0.07654196,1.42959082,1
1506324246,22189260,0.07654196,10.37950613,1
1506324246,22189259,0.07654196,0.32062095,1
1506324245,22189256,0.07654195,1.04686464,0
1506324244,22189253,0.07654195,0.06979098,1
1506324240,22189236,0.07668968,5.00000000,0
1506324237,22189234,0.07668987,3.79170881,0
1506324228,22189198,0.07654180,0.75498617,1
1506324228,22189195,0.07654181,0.06852718,1
1506324228,22189192,0.07654181,0.23004400,1
1506324225,22189186,0.07654181,0.25042800,1
1506324222,22189176,0.07654181,3.25214000,1
1506324219,22189168,0.07654183,0.50799500,1
1506324205,22189145,0.07654166,0.24972600,1
1506324190,22189125,0.07654150,0.92992703,1
1506324182,22189114,0.07654144,0.58099499,1
1506324182,22189113,0.07654144,0.50000001,1
1506324173,22189100,0.07654147,2.69999500,1
1506324170,22189091,0.07654140,0.50000001,1
1506324170,22189090,0.07654140,5.86046371,1
1506324009,22188973,0.07670999,0.16206250,0
1506323914,22188906,0.07653760,0.95899500,1
1506323909,22188902,0.07653761,3.97628200,1
1506323906,22188901,0.07653754,2.59294179,1
1506323906,22188900,0.07653754,1.38332921,1
1506323823,22188855,0.07673504,3.00000000,0
1506323811,22188849,0.07653610,0.13641260,1
1506323810,22188848,0.07653609,0.90745425,1
1506323763,22188823,0.07660020,0.98572850,1
1506323737,22188814,0.07661000,0.46804595,1
1506323719,22188797,0.07661004,0.80700911,1
1506323655,22188754,0.07655025,4.62865896,0
1506323648,22188746,0.07655014,0.31922999,1
1506323635,22188719,0.07672602,0.47479152,0
1506323635,22188718,0.07669000,0.16302339,0
1506323237,22188528,0.07668773,0.82220000,0
1506322743,22188282,0.07668560,0.20000000,0
1506322634,22188224,0.07642003,0.70368567,1
1506322606,22188217,0.07656928,12.98950600,1
1506322606,22188213,0.07643004,1.08981574,1
1506322604,22188210,0.07643004,0.27241600,1
1506322323,22188162,0.07656983,0.00009825,1
1506322323,22188161,0.07656983,0.44237292,1
1506322322,22188160,0.07656000,0.28892883,0
1506322322,22188159,0.07656000,0.46860000,0
1506322255,22188092,0.07640027,6.52309100,1
1506322254,22188090,0.07640027,0.39690400,1
1506322252,22188085,0.07640013,6.59600950,0
1506322251,22188082,0.07640014,0.66352450,1
1506322251,22188080,0.07640014,1.94647550,1
1506322248,22188076,0.07640013,7.91120400,1
1506322245,22188067,0.07640013,7.15119900,1
1506322219,22188019,0.07657000,0.08274000,1
1506322126,22187937,0.07650000,0.94178680,0
1506322090,22187922,0.07640069,0.54993900,1
1506321860,22187850,0.07640000,4.84018325,1
1506321847,22187838,0.07640000,0.54431200,1
1506321819,22187833,0.07640000,0.56840000,1
1506321819,22187832,0.07641000,0.46860000,1
1506321803,22187829,0.07640000,1.08092932,1
1506321803,22187827,0.07640000,5.84009600,1
1506321801,22187826,0.07640000,0.30992239,1
1506321792,22187823,0.07640000,0.46055200,1
1506321788,22187818,0.07640000,0.46286152,1
1506321787,22187817,0.07640000,1.35919366,0
1506321678,22187778,0.07639997,0.00011547,1
1506321677,22187776,0.07639997,0.53369053,1
1506321675,22187774,0.07634000,0.46870000,0
1506321638,22187763,0.07639000,0.07178151,1
1506321484,22187696,0.07617007,0.44779600,1
1506321483,22187695,0.07618000,0.46870000,1
1506321474,22187667,0.07617005,1.69591001,1
1506321333,22187588,0.07628998,2.40979187,0
1506321333,22187587,0.07628000,0.20020859,0
1506321333,22187586,0.07627999,0.27277154,0
1506321312,22187577,0.07628000,0.26769252,0
1506321310,22187576,0.07627999,0.73591734,0
1506321174,22187515,0.07610012,2.59500282,1
1506321130,22187480,0.07612537,2.60993149,1
1506321110,22187467,0.07615802,0.73600000,1
1506321097,22187456,0.07615800,1.80778093,1
1506321095,22187453,0.07612533,3.19012082,1
1506321081,22187436,0.07629995,0.33000000,0
1506321081,22187435,0.07629995,1.12000000,0
1506321081,22187434,0.07629995,1.15718014,0
1506321079,22187432,0.07629995,0.32875186,0
1506321078,22187431,0.07629995,1.12406800,1
1506321078,22187426,0.07629994,2.61000000,0
1506321073,22187421,0.07629995,0.20836900,0
1506321036,22187381,0.07612526,3.19880681,1
1506321034,22187379,0.07629999,3.07672773,0
1506321022,22187354,0.07630991,2.83057000,0
1506321005,22187335,0.07632993,0.13000000,0
1506320989,22187310,0.07614000,0.46790111,1
1506320985,22187308,0.07617000,0.45625300,1
1506320978,22187296,0.07624762,0.36276353,0
1506320976,22187294,0.07617003,1.90516402,0
1506320975,22187292,0.07617012,0.23790593,1
1506320975,22187290,0.07624760,0.00031900,1
1506320941,22187258,0.07630000,0.54441200,0
1506320938,22187257,0.07629999,0.47298442,0
1506320933,22187252,0.07630000,0.63667475,0
1506320933,22187250,0.07627816,0.79357744,0
1506320933,22187249,0.07625525,0.27132781,0
1506320930,22187246,0.07617004,0.45625300,0
1506320926,22187238,0.07617004,0.23732500,0
1506320893,22187216,0.07617004,2.05517100,0
1506320890,22187211,0.07617004,0.25125100,0
1506320789,22187108,0.07613638,0.93100000,1
1506320760,22187088,0.07613606,1.36653261,1
1506320760,22187086,0.07625000,0.12712739,1
1506320759,22187085,0.07625000,0.87726618,1
1506320754,22187059,0.07613605,1.34861042,1
1506320746,22187034,0.07618047,0.57673300,0
1506320743,22187029,0.07613601,0.14825000,1
1506320743,22187028,0.07617000,0.28900000,1
1506320742,22187022,0.07618047,0.52276783,0
1506320742,22187019,0.07618047,0.80513347,0
1506320740,22187018,0.07618047,0.25755956,1
1506320648,22186950,0.07636796,2.91668366,0
1506320639,22186941,0.07631999,0.79520664,0
1506320633,22186932,0.07616080,0.27084340,1
1506320631,22186926,0.07616080,0.79513347,0
1506320631,22186922,0.07616079,0.02399443,1
1506320631,22186921,0.07616080,0.79520664,1
1506320628,22186912,0.07631000,0.17833026,0
1506320628,22186911,0.07630999,0.19995300,0
1506320627,22186909,0.07619100,0.00006588,0
1506320604,22186892,0.07618000,0.28895570,0
1506320601,22186890,0.07619100,0.89993412,0
1506320207,22186674,0.07621000,0.28899609,0
1506320207,22186672,0.07620003,2.49507776,1
1506320106,22186644,0.07625000,0.00004700,1
1506320106,22186642,0.07625000,0.19995300,1
1506320005,22186598,0.07625236,1.17402814,1
1506320005,22186596,0.07625237,2.61000000,1
1506320004,22186595,0.07625236,3.78410000,1
1506319926,22186541,0.07625220,1.05392397,1
1506319920,22186524,0.07625218,1.00335947,1
1506319919,22186520,0.07625218,0.98600000,1
1506319912,22186503,0.07625215,0.87016069,1
1506319912,22186500,0.07625216,2.42677832,1
1506319909,22186488,0.07625215,1.32001561,1
1506319909,22186486,0.07625213,3.11437215,0
1506319907,22186480,0.07625213,4.47211115,1
1506319904,22186472,0.07625213,1.33875874,1
1506319895,22186454,0.07625211,4.10096783,1
1506319893,22186450,0.07625209,1.11777720,1
1506319893,22186448,0.07625210,3.88215133,1
1506319856,22186421,0.07630000,0.46732635,1
1506319845,22186405,0.07632301,0.19461521,0
1506319844,22186404,0.07632301,0.00000500,1
1506319844,22186402,0.07632301,2.38999500,0
1506319843,22186398,0.07632301,0.22000500,1
1506319843,22186396,0.07632301,2.38999500,1
1506319834,22186374,0.07638104,2.13779493,0
1506319699,22186302,0.07642034,2.61000000,1
1506319075,22186157,0.07657100,0.11000000,0
1506319069,22186153,0.07657100,0.87945449,1
1506319067,22186152,0.07647800,0.25574300,0
1506318565,22185969,0.07664900,0.52371000,0
1506318564,22185966,0.07664900,0.98067125,0
1506317889,22185775,0.07655099,0.16812321,0
1506317703,22185746,0.07638281,1.07201100,0
1506317620,22185705,0.07656808,3.05111761,0
1506317235,22185497,0.07654080,2.60992400,0
1506317235,22185495,0.07654080,0.00007700,0
1506317227,22185488,0.07654080,2.60992300,0
1506316965,22185299,0.07654257,0.39183573,0
1506316495,22185047,0.07648399,4.78785167,0
1506316488,22185037,0.07648399,6.04615000,0
1506316456,22185025,0.07648100,2.11846126,0
1506316032,22184910,0.07631051,11.59935821,1
1506316031,22184909,0.07631051,0.57286200,0
1506316031,22184908,0.07639400,5.00000000,1
1506316031,22184907,0.07640000,0.28900000,0
1506316029,22184906,0.07641007,2.52877979,1
1506315997,22184887,0.07650400,5.00000000,1
1506315841,22184795,0.07663000,0.53420000,1
1506315841,22184794,0.07663000,0.46580000,0
1506315819,22184790,0.07652143,2.56023600,1
1506315648,22184747,0.07653156,1.06726800,1
1506315537,22184707,0.07664999,0.34336387,0
1506315044,22184508,0.07662800,5.00000000,0
1506315038,22184498,0.07662596,3.06184744,1
1506315037,22184492,0.07662596,2.88103405,1
1506314951,22184454,0.07652500,5.00000000,1
1506314951,22184453,0.07660451,0.72113878,1
1506314951,22184452,0.07660451,0.26798400,1
1506314923,22184433,0.07652145,8.75757200,0
1506314893,22184405,0.07652275,2.61000000,1
1506314808,22184363,0.07652201,1.01391744,1
1506314656,22184260,0.07660797,0.32816416,0
1506314202,22183907,0.07648400,0.49708490,1
