date,tid,price,amount,type
1506383779,22239331,248.52,0.79776160,1
1506383611,22239296,248.79,10.00000000,0
1506383509,22239284,248.73,0.74026817,1
1506383389,22239261,248.73,0.15399500,1
1506383333,22239249,248.73,0.08274000,0
1506383146,22239183,248.47,0.27107700,1
1506383083,22239173,248.78,0.33398400,0
1506383074,22239172,248.42,0.09449943,1
1506383073,22239171,248.48,0.08274000,1
1506382170,22238929,248.79,33.04047600,0
1506382170,22238928,248.78,0.08274000,0
1506382131,22238917,248.79,0.44874941,0
1506382131,22238916,248.73,0.08274000,0
1506382117,22238909,248.39,0.33452000,1
1506382116,22238908,248.42,0.08274000,0
1506382115,22238907,248.42,0.08274000,1
1506381835,22238865,248.80,4.68450200,0
1506381835,22238864,248.80,5.52419614,0
1506381696,22238835,248.80,1.08227976,0
1506381617,22238819,248.80,0.72256795,0
1506381589,22238782,248.80,2.12569577,0
1506381522,22238726,248.80,6.33530412,0
1506381516,22238722,248.70,1.19876015,0
1506381510,22238716,248.63,3.93261901,0
1506381500,22238698,248.63,1.01375000,0
1506381313,22238636,248.79,2.00000000,0
1506381161,22238592,248.79,0.65148463,0
1506381132,22238583,248.80,3.76692122,0
1506381132,22238581,248.79,0.16000000,0
1506381130,22238580,248.74,0.08274000,0
1506380635,22238337,248.39,1.91726000,1
1506380634,22238336,248.43,0.08274000,1
1506380438,22238261,248.76,0.02411963,0
1506380362,22238202,248.79,0.50070765,0
1506380361,22238201,248.39,0.28427383,1
1506380360,22238199,248.50,0.15000000,1
1506380360,22238198,248.50,0.48298617,1
1506380360,22238197,248.51,0.08274000,1
1506380354,22238195,248.50,0.51701383,1
1506380354,22238194,248.60,0.33192599,1
1506380354,22238193,248.65,0.15000000,1
1506380352,22238192,248.71,0.00011518,1
1506380326,22238183,248.79,0.52867238,0
1506380326,22238182,248.77,0.17740680,0
1506380163,22238011,248.73,2.58109358,1
1506380142,22237973,248.71,0.17836034,1
1506380140,22237964,249.00,3.75405622,0
1506380140,22237963,248.99,0.60000000,0
1506380140,22237962,248.99,0.20633209,0
1506380138,22237959,248.74,0.19900298,0
1506380106,22237877,249.00,0.08112449,0
1506380043,22237820,248.83,2.00569300,0
1506380043,22237818,248.74,3.56966411,0
1506380043,22237815,248.74,0.17966551,0
1506379971,22237784,248.74,0.04812254,0
1506379963,22237781,248.74,1.00000000,0
1506379509,22237577,249.00,0.43164900,0
1506379504,22237573,249.00,0.05966100,0
1506379498,22237572,249.00,0.07500000,0
1506379468,22237563,249.00,1.34230700,0
1506379445,22237561,249.00,0.89724300,0
1506379445,22237560,248.99,0.11000000,0
1506379375,22237543,249.00,2.86044062,0
1506379375,22237542,248.99,0.00000500,0
1506379375,22237540,248.99,0.12999500,0
1506379278,22237494,248.80,3.55868653,0
1506379276,22237493,248.83,3.34842124,1
1506379276,22237491,248.84,0.94281718,1
1506379276,22237490,248.84,0.14999500,1
1506379001,22237433,248.99,0.02500000,0
1506378979,22237421,249.00,0.31922583,0
1506378975,22237418,249.00,7.43491206,0
1506378975,22237417,248.99,0.12323494,0
1506378974,22237416,248.99,0.02676506,0
1506378927,22237388,249.00,0.30192200,0
1506378925,22237387,249.00,0.14654900,0
1506378925,22237386,249.00,10.20043900,0
1506378924,22237385,248.99,0.18000000,0
1506378863,22237350,249.00,3.52181493,0
1506378863,22237349,248.99,0.26000000,0
1506378835,22237332,248.99,0.36943769,0
1506378835,22237331,248.99,0.63147435,0
1506378728,22237305,248.99,1.30729687,0
1506378722,22237302,248.99,0.56418835,0
1506378722,22237301,248.98,1.00000000,0
1506378660,22237274,248.99,0.06282180,0
1506378650,22237269,248.99,0.53335800,0
1506378650,22237268,248.99,0.61991177,0
1506378649,22237267,248.98,0.40000000,0
1506378587,22237245,248.99,1.28094886,0
1506378586,22237244,248.95,0.08274000,0
1506378538,22237236,249.00,80.64512602,1
1506378538,22237235,249.11,0.08274000,1
1506378538,22237234,249.12,0.74901171,1
1506378483,22237220,249.12,0.43419317,1
1506378470,22237217,249.14,0.02149360,0
1506378470,22237216,249.13,0.43000000,0
1506378449,22237205,249.14,0.08274000,0
1506378402,22237174,249.50,6.28100200,0
1506378379,22237162,249.50,0.57355608,0
1506378138,22237079,249.50,0.62760006,0
1506378117,22237065,249.50,8.15454400,0
1506378086,22237050,249.50,0.08549900,0
1506378080,22237007,249.50,0.49880687,0
1506378066,22236995,249.50,1.68105626,0
1506378012,22236986,249.50,0.02575000,0
1506377973,22236973,249.50,8.00000000,0
1506377957,22236966,249.50,4.49606344,0
1506377957,22236965,249.50,2.07506924,0
1506377957,22236964,249.50,0.69441889,0
1506377957,22236963,249.50,24.00008016,0
1506377956,22236962,249.50,3.49299733,0
1506377956,22236961,249.50,2.07506924,0
1506377955,22236960,249.50,13.35327352,0
1506377952,22236957,249.50,1.00126000,0
1506377951,22236956,249.50,1.16920505,0
1506377948,22236952,249.50,2.59084200,0
1506377948,22236951,249.49,0.08274000,0
1506377944,22236939,249.50,0.71567200,0
1506377944,22236936,249.50,18.62331000,0
1506377943,22236935,249.41,0.08274000,0
1506377923,22236926,249.48,1.68667539,0
1506377922,22236925,249.48,2.96557237,0
1506377922,22236924,249.48,1.21741116,0
1506377922,22236923,249.15,0.89263322,0
1506377876,22236904,249.15,0.08274000,1
1506377700,22236755,249.48,0.47009883,1
1506377699,22236751,249.48,1.21741993,1
1506377698,22236747,249.48,1.27953643,1
1506377659,22236735,249.47,1.18151881,0
1506377659,22236734,249.40,1.25000000,0
1506377659,22236733,249.33,4.60142600,0
1506377644,22236715,249.38,1.49709000,0
1506377620,22236684,249.48,0.61606921,0
1506377620,22236683,249.36,0.08274000,0
1506377612,22236680,249.00,0.64806750,1
1506377612,22236679,249.01,4.01000000,1
1506377612,22236678,249.01,1.18151881,1
1506377612,22236677,249.02,0.08274000,1
1506377609,22236675,249.39,2.00232700,0
1506377597,22236671,249.31,1.94689885,0
1506377577,22236645,249.01,0.80726000,1
1506377575,22236643,249.02,0.08274000,0
1506377572,22236637,249.33,2.00228800,0
1506377531,22236615,249.40,0.07538569,1
1506377485,22236577,249.50,10.00000000,0
1506377456,22236539,249.50,0.02146401,0
1506377450,22236534,249.50,1.62050429,0
1506377391,22236494,249.50,0.16789579,0
1506377364,22236480,249.50,0.85808858,0
1506377347,22236470,249.42,0.44574058,1
1506377345,22236469,249.48,0.05425942,1
1506377333,22236463,249.50,4.10312625,0
1506377332,22236462,249.50,3.78609218,0
1506377287,22236445,249.50,9.05029210,0
1506377247,22236425,249.50,20.00000000,0
1506377247,22236424,249.50,13.67851800,0
1506377224,22236403,249.50,20.00000000,0
1506377222,22236402,249.50,11.70295356,0
1506377221,22236401,249.49,0.23000000,0
1506377221,22236400,249.49,10.77119344,0
1506377217,22236395,249.49,0.82869288,0
1506377204,22236384,249.49,0.24025000,0
1506377200,22236377,249.48,0.00027199,0
1506377199,22236373,249.48,0.05412693,0
1506377172,22236338,249.50,5.37566500,0
1506377172,22236337,249.50,15.56138400,0
1506377172,22236336,249.49,0.27000000,0
1506377171,22236335,249.40,0.44196662,0
1506377171,22236334,249.40,5.73355200,0
1506377171,22236333,249.40,1.89138100,0
1506377170,22236332,249.40,2.18288429,0
1506377170,22236331,249.40,1.89061700,0
1506377168,22236329,249.40,11.84013632,0
1506377165,22236328,249.40,15.00000000,0
1506377162,22236326,249.40,0.71776263,0
1506377160,22236325,249.40,15.00000000,0
1506377156,22236320,249.40,0.71776263,0
1506377147,22236309,249.40,3.48720300,0
1506377147,22236308,249.40,1.24902600,0
1506377144,22236305,249.40,2.21964900,0
1506377143,22236304,249.40,1.62751800,0
1506377143,22236303,249.40,11.38174600,0
1506377141,22236298,249.40,0.22441604,0
1506377131,22236291,249.40,3.84765900,0
1506377123,22236279,249.39,0.29680000,1
1506377118,22236276,249.40,3.70413800,0
1506377118,22236275,249.40,4.84084100,0
1506377118,22236274,249.40,2.44455200,0
1506377117,22236273,249.40,3.70413800,0
1506377117,22236272,249.40,27.10124100,0
1506377117,22236271,249.40,10.06506723,0
1506377117,22236270,249.39,10.38561277,0
1506377116,22236269,249.39,1.45502100,0
1506377091,22236261,249.39,0.29997193,0
1506377075,22236251,249.40,1.19987971,0
1506377074,22236249,249.40,1.51138136,0
1506377074,22236248,249.39,0.38000000,0
1506377068,22236241,249.40,1.75374100,0
1506377064,22236237,249.40,4.21005000,0
1506377064,22236236,249.39,0.45000000,0
1506377056,22236229,249.40,23.68100000,0
1506377055,22236228,249.40,20.96600000,0
1506377053,22236226,249.40,2.27166100,0
1506377053,22236225,249.40,21.83565500,0
1506377051,22236222,249.40,1.05320200,0
1506377051,22236221,249.39,0.53000000,0
1506377027,22236195,249.40,2.85745300,0
1506377027,22236194,249.39,0.63000000,0
1506377010,22236184,249.40,4.58865000,0
1506377010,22236183,249.39,0.75000000,0
1506376958,22236128,249.40,0.57390085,0
1506376957,22236127,249.39,0.00007380,0
1506376957,22236126,249.39,0.88992620,0
1506376947,22236120,249.40,2.35101500,0
1506376947,22236119,249.39,1.06000000,0
1506376933,22236107,249.40,2.20867200,0
1506376932,22236103,249.40,27.05450574,0
1506376932,22236102,249.39,1.04002326,0
1506376930,22236089,249.39,0.21997674,0
1506376920,22236080,249.40,0.56997658,0
1506376920,22236079,249.40,0.03234269,0
1506376920,22236078,249.40,0.10784838,0
1506376920,22236077,249.40,0.00980893,0
1506376919,22236074,249.39,1.49000000,0
1506376919,22236072,249.30,0.00007342,0
1506376916,22236067,249.30,1.34896810,0
1506376909,22236060,249.30,0.74095848,0
1506376909,22236059,249.30,5.70586552,0
1506376893,22236034,249.30,0.87214229,0
1506376881,22236028,249.30,33.77542200,0
1506376849,22236013,249.30,33.99107600,0
1506376824,22235962,249.30,1.11209861,0
1506376822,22235959,249.30,0.19326503,0
1506376817,22235951,249.30,1.48764882,0
1506376812,22235931,249.30,2.60705529,0
1506376812,22235929,249.30,1.78165768,0
1506376806,22235911,249.30,11.84063377,0
1506376803,22235904,249.30,77.70000000,0
1506376803,22235903,249.30,7.66700000,0
1506376800,22235897,249.30,13.90000000,0
1506376799,22235894,249.30,4.50993335,0
1506376799,22235893,249.29,0.00007185,0
1506376798,22235890,249.29,0.48992815,0
1506376796,22235886,249.30,7.66600000,0
1506376796,22235885,249.30,12.90800000,0
1506376796,22235884,249.30,2.29518874,0
1506376796,22235883,249.29,9.69587826,0
1506376795,22235882,249.26,8.00893300,0
1506376794,22235877,249.29,0.09910000,0
1506376792,22235873,249.29,11.30950600,0
1506376792,22235871,249.29,2.13332700,0
1506376792,22235869,249.29,8.84049400,0
1506376792,22235868,249.29,7.66600000,0
1506376787,22235851,249.29,17.05569474,0
1506376785,22235840,249.10,1.23732685,1
1506376782,22235833,249.10,0.97272294,1
1506376758,22235767,249.30,14.46384400,0
1506376758,22235765,249.29,0.37000000,0
1506376755,22235762,249.09,8.01001400,0
1506376735,22235710,249.30,3.82025075,0
1506376701,22235686,249.30,3.86367431,0
1506376700,22235685,249.29,0.20000000,0
1506376690,22235679,249.27,1.04032195,0
1506376690,22235678,249.26,0.14000000,0
1506376689,22235677,249.25,0.12029786,0
1506376665,22235670,249.00,0.20000000,0
1506376665,22235669,249.00,18.50680648,0
1506376662,22235668,249.00,6.92931700,0
1506376661,22235667,249.00,2.71106800,0
1506376657,22235664,249.00,42.90140562,0
1506376651,22235654,249.00,0.27224300,0
1506376648,22235649,249.00,1.60496000,0
1506376648,22235646,249.00,8.99613300,0
1506376646,22235640,249.00,5.63384952,0
1506376644,22235627,248.99,0.27216642,0
1506376644,22235625,248.99,5.28787148,0
1506376640,22235616,248.99,2.66000000,0
1506376633,22235605,248.99,12.28874300,0
1506376625,22235600,248.99,0.43690500,0
1506376620,22235595,248.99,1.49300000,0
1506376620,22235594,248.99,0.85928171,0
1506376619,22235593,248.99,1.32848228,0
1506376612,22235589,248.99,1.97526100,0
1506376601,22235586,248.99,1.06085151,0
1506376595,22235584,248.99,1.08371248,0
1506376584,22235580,248.99,0.02189566,0
1506376572,22235573,248.99,1.38215189,0
1506376525,22235546,248.99,4.24439897,0
1506376525,22235545,248.98,0.29000000,0
1506376409,22235512,248.99,2.73540171,0
1506376399,22235510,248.99,2.73540171,0
1506376397,22235506,248.99,3.03760771,0
1506376320,22235494,249.00,12.66000000,0
1506376318,22235493,248.99,0.34000000,0
1506376296,22235447,249.00,1.74086805,0
1506376296,22235446,248.99,0.12714995,0
1506376294,22235445,248.99,0.07988126,1
1506376294,22235444,248.99,0.19296879,1
1506376293,22235443,249.00,5.03221095,0
1506376281,22235437,248.99,0.48000000,1
1506376268,22235433,248.99,0.57000000,1
1506376262,22235431,249.00,12.89182400,0
1506376259,22235430,249.00,0.44000000,0
1506376255,22235427,248.99,0.68000000,1
1506376252,22235420,249.00,5.39260020,0
1506376247,22235406,249.00,2.56802500,0
1506376247,22235402,249.00,10.66472300,0
1506376247,22235401,248.99,1.06154900,0
1506376246,22235398,248.99,0.12787100,0
1506376242,22235391,248.99,0.10058000,0
1506376161,22235360,248.99,0.67462890,0
1506376150,22235353,248.99,0.30364000,0
1506376038,22235297,248.99,0.03538500,0
1506376019,22235282,249.00,8.83000000,0
1506376019,22235281,248.99,1.17000000,0
1506375981,22235236,248.88,4.02920879,1
1506375926,22235189,249.00,0.35947200,0
1506375926,22235187,248.99,1.39000000,0
1506375919,22235174,249.00,4.52264500,0
1506375916,22235171,249.00,1.74879000,0
1506375913,22235168,249.00,2.77995400,0
1506375913,22235167,248.99,1.53000000,0
1506375911,22235164,249.00,3.22822700,0
1506375910,22235163,248.99,1.08000000,0
1506375898,22235154,249.00,17.78571000,0
1506375880,22235127,249.00,56.80000000,0
1506375876,22235121,249.00,3.56389151,0
1506375874,22235118,249.00,0.29447600,0
1506375872,22235117,248.99,1.01000000,1
1506375871,22235115,249.00,2.86588551,0
1506375866,22235110,249.00,2.05094000,0
1506375865,22235109,249.00,10.48350000,0
1506375863,22235107,249.00,1.00894000,0
1506375862,22235106,249.00,0.67815400,0
1506375859,22235103,249.00,3.14963300,0
1506375859,22235102,248.99,1.20000000,0
1506375849,22235094,249.00,0.72162734,0
1506375849,22235092,248.99,0.00002034,0
1506375848,22235088,248.99,1.29997966,0
1506375840,22235080,249.00,0.15381526,0
1506375838,22235075,249.00,0.89135571,0
1506375836,22235073,248.99,1.13000000,0
1506375831,22235072,248.67,1.98090000,1
1506375824,22235060,248.99,0.91020000,0
1506375824,22235059,248.98,0.25531900,0
1506375823,22235058,248.98,2.84368100,1
1506375821,22235056,248.99,0.26980000,0
1506375811,22235048,248.99,0.26978703,0
1506375764,22235032,249.00,8.17592466,0
1506375759,22235029,249.00,0.28899000,0
1506375758,22235022,249.00,10.89826737,0
1506375757,22235021,249.00,0.51690763,0
1506375757,22235019,248.99,1.46000000,0
1506375748,22235009,249.00,10.39872766,0
1506375745,22235004,249.00,0.05212546,0
1506375741,22235000,249.00,2.52274569,0
1506375741,22234999,248.99,0.50425454,0
1506375740,22234995,248.99,0.55574546,1
1506375739,22234993,249.00,0.45000000,0
1506375737,22234985,249.00,4.99313911,0
1506375734,22234975,249.00,13.76774793,0
1506375734,22234974,248.99,0.55481707,0
1506375731,22234955,248.99,1.06518293,0
1506375726,22234938,249.00,42.90313253,0
1506375724,22234934,249.00,15.03039600,0
1506375714,22234925,249.00,13.84609900,0
1506375714,22234924,248.99,1.18000000,0
1506375711,22234919,249.00,2.18115900,0
1506375706,22234914,249.00,0.15672000,0
1506375706,22234913,249.00,5.37607953,0
1506375706,22234912,248.96,0.88391547,0
1506375704,22234908,248.96,3.34842139,0
1506375702,22234906,249.00,0.09076425,0
1506375701,22234902,249.00,1.54561418,0
1506375701,22234901,248.99,0.43000500,0
1506375700,22234899,248.99,0.96999500,1
1506375698,22234896,249.00,6.32352078,0
1506375698,22234895,248.99,0.97000000,0
1506375698,22234894,248.97,3.98289922,0
1506375697,22234892,248.97,0.02710078,0
1506375691,22234889,248.97,4.01000000,0
1506375681,22234868,248.98,3.02740665,0
1506375678,22234861,248.98,3.02740665,0
1506375674,22234850,248.98,0.67804100,0
1506375671,22234842,248.98,0.89096386,0
1506375668,22234837,249.00,0.52009000,0
1506375668,22234836,248.99,0.37000000,0
1506375657,22234819,248.99,0.17209000,0
1506375647,22234794,249.00,0.32847390,0
1506375645,22234792,249.00,2.30433734,0
1506375645,22234791,249.00,2.28927799,0
1506375639,22234785,249.00,0.68096386,0
1506375639,22234783,248.99,0.21000000,0
1506375628,22234765,249.00,11.41951000,0
1506375628,22234764,248.99,0.25000000,0
1506375620,22234750,249.00,2.81779900,0
1506375619,22234749,249.00,1.89508900,0
1506375619,22234748,249.00,3.47765700,0
1506375618,22234747,249.00,3.06516800,0
1506375618,22234746,248.99,0.30000000,0
1506375600,22234729,248.99,0.10663700,0
1506375598,22234728,248.99,0.07428000,0
1506375594,22234717,248.99,0.06208000,1
1506375594,22234716,249.00,1.37905747,0
1506375593,22234712,249.00,0.89036144,0
1506375592,22234711,249.00,0.97850981,0
1506375592,22234710,249.00,3.02491647,0
1506375588,22234708,249.00,1.71480000,0
1506375587,22234706,249.00,1.71480000,0
1506375587,22234704,249.00,1.71480000,0
1506375587,22234703,249.00,1.71480000,0
1506375587,22234702,249.00,1.71480000,0
1506375587,22234701,249.00,1.71480000,0
1506375586,22234700,249.00,1.71480000,0
1506375586,22234699,249.00,1.71480000,0
1506375586,22234698,249.00,1.71480000,0
1506375586,22234697,249.00,1.71480000,0
1506375586,22234696,249.00,1.71480000,0
1506375586,22234695,249.00,1.71480000,0
1506375586,22234694,249.00,1.71480000,0
1506375586,22234693,249.00,1.71480000,0
1506375585,22234692,249.00,1.71480000,0
1506375584,22234691,249.00,1.71480000,0
1506375584,22234690,249.00,1.71480000,0
1506375584,22234689,249.00,1.71480000,0
1506375584,22234688,249.00,1.71480000,0
1506375584,22234687,249.00,1.71480000,0
1506375584,22234686,249.00,1.71480000,0
1506375584,22234685,249.00,1.71480000,0
1506375583,22234684,249.00,1.31480000,0
1506375583,22234683,248.99,0.40000000,0
1506375582,22234678,249.00,1.71480000,0
1506375582,22234677,249.00,0.07817197,0
1506375582,22234676,248.99,1.63662803,0
1506375581,22234675,248.99,1.71480000,0
1506375581,22234674,248.99,1.71480000,0
1506375581,22234673,248.99,1.71480000,0
1506375565,22234660,248.99,36.12381693,0
1506375565,22234659,248.99,3.39619007,0
1506375565,22234658,248.98,0.48000000,0
1506375547,22234644,248.99,1.34365000,0
1506375543,22234639,248.99,18.35944900,0
1506375539,22234634,248.99,0.44106317,0
1506375523,22234623,248.99,0.65000000,0
1506375521,22234622,248.99,0.75103619,0
1506375516,22234619,248.99,1.59946183,0
1506375514,22234618,248.99,0.16734200,0
1506375513,22234615,248.99,0.48331100,0
1506375504,22234603,248.99,0.35543596,0
1506375487,22234594,248.99,7.45306078,0
1506375487,22234592,248.99,3.26844722,0
1506375486,22234590,248.98,0.56000000,0
1506375462,22234577,248.84,0.53000000,1
1506375461,22234576,248.84,0.53000000,1
1506375460,22234575,248.84,0.53000000,1
1506375459,22234574,248.94,0.53362256,0
1506375356,22234510,248.69,5.50951272,1
1506375356,22234509,248.69,0.39941000,1
1506375356,22234508,248.78,0.40000000,1
1506375354,22234507,248.79,0.44236728,1
1506375343,22234506,248.79,3.00000000,1
1506375225,22234464,248.99,0.12330000,0
1506375220,22234454,248.99,0.12330000,0
1506375217,22234453,248.99,0.08231900,0
1506375215,22234452,248.99,0.13147000,0
1506375208,22234445,248.99,1.94924069,0
1506375206,22234444,248.99,8.19575200,0
1506375197,22234439,248.99,2.07770200,0
1506375193,22234435,248.99,2.30282209,0
1506375184,22234424,248.99,1.74564700,0
1506375159,22234411,248.79,0.67000000,1
1506375158,22234408,248.79,45.88763272,0
1506375157,22234406,248.79,0.49944400,0
1506375157,22234405,248.79,2.14803100,0
1506375154,22234403,248.79,2.30367473,0
1506375146,22234398,248.78,0.80000000,1
1506375140,22234395,248.79,2.93503805,0
1506375139,22234394,248.79,0.19817760,0
1506375139,22234393,248.78,0.13731012,0
1506375136,22234389,248.78,0.81268988,0
1506375122,22234371,248.79,1.08709721,0
1506375121,22234370,248.79,0.86300000,0
1506375121,22234369,248.78,1.12000000,0
1506375117,22234366,248.79,5.99733400,0
1506375117,22234365,248.79,0.08700000,0
1506375112,22234361,248.79,0.75735020,0
1506375110,22234357,248.79,1.59942744,0
1506375110,22234355,248.78,0.00007989,0
1506375109,22234352,248.78,1.33992011,0
1506375104,22234345,248.79,0.68832000,0
1506375100,22234338,248.79,1.21435420,0
1506375098,22234330,248.79,4.79686585,0
1506375098,22234328,248.78,0.00007157,0
1506375097,22234326,248.78,0.43993343,0
1506375093,22234323,248.78,1.13999500,1
1506375091,22234320,248.79,0.07354300,0
1506375091,22234319,248.78,1.14000000,0
1506375091,22234318,248.77,0.00000500,0
1506375089,22234314,248.77,0.99999500,0
1506375064,22234300,248.74,2.00136663,0
1506375062,22234294,248.74,1.00253277,0
1506375062,22234292,248.74,4.70446000,0
1506375060,22234288,248.74,2.86317000,0
1506375060,22234286,248.74,0.35458169,0
1506375059,22234283,248.74,2.86031000,0
1506375059,22234279,248.74,5.23795931,0
1506375058,22234277,248.74,1.06640876,0
1506375057,22234274,248.74,5.05897224,0
1506375057,22234273,248.73,0.00000500,0
1506375054,22234269,248.73,1.67999500,0
1506375053,22234267,248.74,10.17615502,0
1506375052,22234265,248.73,1.68000000,0
1506375032,22234252,248.74,0.81290306,0
1506375023,22234237,248.74,2.66402100,0
1506375017,22234233,248.74,1.00000000,0
1506374996,22234208,248.74,0.42823349,0
1506374995,22234206,248.73,0.88000000,0
1506374974,22234194,248.74,12.51158000,0
1506374950,22234166,248.74,0.22000000,0
1506374950,22234165,248.73,0.22000000,0
1506374925,22234160,248.74,4.56010203,0
1506374922,22234158,248.74,7.47724400,0
1506374922,22234157,248.73,0.26000000,0
1506374905,22234151,248.73,0.02926400,0
1506374896,22234147,248.69,0.10000000,1
1506374891,22234137,248.69,9.05804670,0
1506374890,22234133,248.69,1.30777273,0
1506374889,22234132,248.69,5.23889179,0
1506374888,22234128,248.69,6.54645800,0
1506374885,22234124,248.69,14.21186500,0
1506374876,22234117,248.69,1.00000000,0
1506374864,22234113,248.69,3.10804500,0
1506374773,22234106,248.68,0.28743200,0
1506374763,22234104,248.69,1.90048370,0
1506374763,22234102,248.69,0.84955889,0
1506374753,22234097,248.26,1.77896469,1
1506374752,22234094,248.29,3.85789600,0
1506374752,22234093,248.29,0.97691792,0
1506374751,22234092,248.29,3.34842139,1
1506374735,22234086,248.69,0.03219316,0
1506374733,22234084,248.69,2.75588300,0
1506374732,22234078,248.50,2.68304183,0
1506374731,22234076,248.50,3.26609300,0
1506374729,22234074,248.50,3.28032193,0
1506374726,22234071,248.50,4.56024144,0
1506374723,22234068,248.50,0.61790744,0
1506374721,22234067,248.49,0.38000000,0
1506374702,22234061,248.50,2.59239436,0
1506374700,22234059,248.48,0.07722177,0
1506374699,22234057,248.48,0.03219575,0
1506374676,22234052,248.50,1.00000000,0
1506374671,22234051,248.50,1.00000000,0
1506374664,22234050,248.50,1.00000000,0
1506374561,22234032,248.67,0.91882080,0
1506374561,22234031,248.62,0.08274000,0
1506374555,22234029,248.68,0.08274008,0
1506374555,22234028,248.65,0.08274000,0
1506374550,22234024,247.82,1.61726000,0
1506374550,22234023,247.99,0.08274000,0
1506374543,22234019,247.98,2.84482811,1
1506374543,22234018,248.00,0.15000000,1
1506374543,22234017,248.00,0.05114750,1
1506374543,22234016,248.00,1.00000000,1
1506374542,22234014,248.02,2.00510800,1
1506374542,22234013,248.20,0.03234269,1
1506374540,22234011,248.24,0.08274000,1
1506374509,22234003,248.59,0.07150749,0
1506374467,22233992,248.63,0.03509917,1
1506374466,22233991,248.63,0.08274000,1
1506374465,22233990,248.63,0.08274000,0
1506374434,22233985,248.20,0.10784838,1
1506374434,22233984,248.20,5.24076924,0
1506374434,22233983,248.21,0.08274000,0
1506374430,22233982,248.20,0.00980893,1
1506374428,22233981,248.42,0.04024000,1
1506374160,22233884,248.31,0.25554980,0
1506374159,22233883,248.34,0.06014894,1
1506374159,22233882,248.37,0.06014894,1
1506374159,22233881,248.40,0.15000000,1
1506374157,22233880,248.50,3.46418511,1
1506374123,22233874,248.50,39.44065985,0
1506373922,22233799,248.50,2.00000000,0
1506373906,22233796,248.51,8.55934015,1
1506373902,22233792,248.69,4.13828000,0
1506373892,22233785,248.68,0.20000000,0
1506373892,22233782,248.69,9.85252203,0
1506373891,22233781,248.68,0.19999500,0
1506373887,22233775,248.51,29.93621334,0
1506373880,22233773,248.51,0.34827572,0
1506373870,22233769,248.50,1.99544000,1
1506373860,22233760,248.50,1.99299000,1
1506373823,22233742,248.51,0.80676834,0
1506373809,22233738,248.50,1.78000000,0
1506373801,22233728,248.51,0.62288277,0
1506373799,22233724,248.51,0.62196000,0
1506373784,22233711,248.50,1.69000000,0
1506373778,22233710,248.50,7.53029366,1
1506373778,22233708,248.51,1.69000000,0
1506373775,22233703,248.51,0.25115364,0
1506373770,22233696,248.51,1.69000000,0
1506373768,22233694,248.51,1.69000000,0
1506373766,22233693,248.51,1.67547221,0
1506373766,22233691,248.50,0.10000000,1
1506373764,22233686,248.51,0.97537322,0
1506373720,22233658,248.50,0.23000000,1
1506373707,22233655,248.50,0.27000000,1
1506373694,22233649,248.50,0.33000000,1
1506373681,22233641,248.50,0.39000000,1
1506373670,22233605,248.51,4.08658559,0
1506373670,22233604,248.51,1.66259174,0
1506373668,22233602,248.51,0.59430204,0
1506373665,22233599,248.52,3.34842139,1
1506373622,22233572,248.78,0.14775998,0
1506373622,22233571,248.77,0.85224002,0
1506373614,22233568,248.77,1.00000000,0
1506373602,22233564,248.78,1.49618137,0
1506373571,22233555,248.79,3.86371000,0
1506373571,22233554,248.78,0.12000000,0
1506373524,22233528,249.00,1.91546920,0
1506373524,22233527,248.99,0.14000000,0
1506373523,22233526,248.94,0.00007328,0
1506373522,22233524,248.94,0.32092672,0
1506373518,22233523,248.99,0.16000000,0
1506373518,22233522,248.95,0.08274000,0
1506373501,22233516,248.52,1.16726000,1
1506373500,22233515,248.60,0.08274000,1
1506373460,22233500,248.47,0.41121000,1
1506373379,22233486,248.54,0.00035100,1
1506373379,22233485,248.60,0.50075000,1
1506373355,22233475,248.99,0.10012048,0
1506373354,22233472,248.47,3.49651406,1
1506373353,22233470,248.47,2.02748000,1
1506373353,22233469,248.59,0.08274000,1
1506373352,22233468,248.60,1.46148594,1
1506373338,22233466,248.45,0.00281000,1
1506373338,22233465,248.48,4.01000000,1
1506373326,22233462,248.45,2.51423500,1
1506373326,22233461,248.60,0.15000000,1
1506373326,22233460,248.64,0.32100000,1
1506373325,22233459,248.70,0.15000000,1
1506373325,22233458,248.80,0.15000000,1
1506373325,22233457,248.81,0.14999500,1
1506373323,22233455,248.81,3.74104000,1
1506373319,22233452,248.81,0.00416987,1
1506373318,22233451,248.81,0.12003400,1
1506373318,22233450,248.90,0.14320513,1
1506373314,22233449,248.90,0.00281000,1
1506373314,22233448,248.91,4.01000000,1
1506373306,22233446,248.90,0.00398487,1
1506373306,22233445,248.91,5.69369513,1
1506373268,22233434,248.91,0.97380460,1
1506373254,22233426,249.00,0.15000000,0
1506373251,22233425,249.00,1.00000000,0
1506373244,22233421,249.00,1.00000000,0
1506373238,22233419,249.00,1.00000000,0
1506373210,22233412,248.99,0.02409639,0
1506373187,22233405,249.00,6.69494427,0
1506373187,22233404,248.98,7.06928573,0
1506373126,22233365,248.94,4.09000000,0
1506373125,22233364,248.95,0.15000000,1
1506373123,22233362,248.96,0.08013335,1
1506373123,22233361,248.96,0.99911632,1
1506373119,22233359,248.99,2.85997916,1
1506373118,22233357,249.00,11.13000000,0
1506373111,22233354,248.99,0.03255000,1
1506373059,22233329,248.99,1.68461329,1
1506373047,22233319,249.00,0.03770033,1
1506373046,22233318,249.00,0.78619202,1
1506372993,22233265,249.11,1.31538671,0
1506372967,22233253,249.12,5.20507000,0
1506372964,22233250,249.12,0.65036929,0
1506372950,22233238,249.12,0.46313600,0
1506372950,22233237,249.12,4.57947977,0
1506372949,22233236,249.00,1.21380798,1
1506372949,22233235,249.00,0.11814065,1
1506372949,22233234,249.04,3.34842139,1
1506372949,22233233,249.09,0.81011196,1
1506372931,22233228,249.11,0.92032195,1
1506372928,22233227,249.11,0.12000000,1
1506372925,22233225,249.12,0.47134513,0
1506372915,22233221,249.11,0.14000000,1
1506372910,22233220,249.12,1.00000000,1
1506372909,22233219,249.30,7.83924384,0
1506372909,22233217,249.29,0.16000000,0
1506372867,22233197,249.45,0.34071426,1
1506372863,22233192,249.45,1.00000000,1
1506372839,22233165,249.48,1.00000000,0
1506372822,22233160,249.45,0.08274000,1
1506372822,22233159,249.40,4.59302198,0
1506372820,22233158,249.40,3.00000000,1
1506372819,22233157,249.40,2.40697802,1
1506372811,22233155,249.53,2.00000000,0
1506372803,22233152,249.54,1.24848181,0
1506372803,22233151,249.46,3.62656700,0
1506372803,22233150,249.46,0.31347057,0
1506372803,22233149,249.45,0.08094608,0
1506372802,22233148,249.43,0.08094608,0
1506372802,22233147,249.43,0.08094608,0
1506372801,22233146,249.40,8.19279101,1
1506372794,22233112,249.40,10.00000000,1
1506372754,22233099,249.46,1.46272281,0
1506372736,22233085,249.09,4.18988804,1
1506372735,22233084,249.11,3.34842139,0
1506372735,22233083,249.11,0.08274000,1
1506372735,22233082,249.21,0.31347057,1
1506372735,22233081,249.21,0.08274000,1
1506372734,22233080,249.25,0.08274000,1
1506372689,22233058,249.54,3.50044375,0
1506372689,22233057,249.54,6.41681625,0
1506372689,22233056,249.53,0.08274000,0
1506372681,22233046,249.54,36.30923700,0
1506372680,22233045,249.53,0.19000000,0
1506372655,22233025,249.55,0.14999484,0
1506372654,22233024,249.54,0.28000000,0
1506372654,22233023,249.54,0.00000516,0
1506372650,22233020,249.23,0.07726000,1
1506372650,22233018,249.27,0.08274000,1
1506372649,22233016,249.54,0.31811500,1
1506372649,22233015,249.55,1.14974400,0
1506372649,22233014,249.54,0.33000000,0
1506372627,22233004,249.55,37.49719300,0
1506372627,22233003,249.54,0.39000000,0
1506372627,22233002,249.53,2.00000000,0
1506372555,22232978,249.55,2.65999900,0
1506372498,22232957,249.41,0.02550000,1
1506372449,22232938,249.59,0.00177984,1
1506372447,22232936,249.60,2.57355200,0
1506372445,22232931,249.54,0.28273961,0
1506372445,22232929,249.53,0.03031155,0
1506372353,22232895,249.54,0.81516200,0
1506372353,22232893,249.53,0.08274000,0
1506372353,22232891,249.50,0.20000000,0
1506372350,22232862,249.07,0.12096545,1
1506372350,22232861,249.07,0.08274000,1
1506372350,22232860,249.07,0.08274000,1
1506372349,22232859,249.08,0.03031155,1
1506372349,22232858,249.08,0.08274000,1
1506372349,22232857,249.09,0.08274000,1
1506372349,22232856,249.13,0.08274000,0
1506372349,22232853,249.16,1.35228300,0
1506372347,22232852,249.16,0.08274000,1
1506372341,22232848,249.54,0.03027222,0
1506372321,22232836,249.51,0.06013000,0
1506372269,22232810,249.03,4.00000000,1
1506372268,22232808,249.54,0.04972353,0
1506372256,22232789,249.03,4.33000000,1
1506372252,22232787,249.05,2.00000000,1
1506372248,22232786,249.05,5.43895372,1
1506372248,22232785,249.06,2.85300424,1
1506372242,22232779,249.00,0.73936264,1
1506372242,22232778,249.02,1.17789736,1
1506372242,22232777,249.08,0.08274000,1
1506372134,22232748,249.15,11.23708725,0
1506372132,22232746,249.15,3.34842139,0
1506372132,22232745,249.17,0.31990000,1
1506372090,22232716,249.12,0.06919424,0
1506372088,22232715,249.93,0.00206000,1
1506372087,22232714,249.93,1.99920000,0
1506372070,22232711,249.60,0.39967949,0
1506372067,22232709,249.25,2.85000000,0
1506372065,22232706,249.25,0.15000000,1
1506372026,22232690,249.30,1.54114700,0
1506372025,22232689,249.30,0.99890112,0
1506372025,22232688,249.30,4.06581042,0
1506372022,22232687,249.30,0.15000000,1
1506372022,22232686,249.97,1.34786774,1
1506372022,22232685,249.97,1.18135628,1
1506372020,22232683,249.97,1.73320021,0
1506372020,22232682,249.97,1.75187951,0
1506372020,22232681,249.66,1.17489275,0
1506372020,22232680,249.53,2.00043300,0
1506372019,22232679,249.50,0.05000000,0
1506372019,22232678,249.40,1.01131001,0
1506372019,22232677,249.40,2.45167567,0
1506372019,22232676,249.40,1.99691191,0
1506372019,22232675,249.40,0.18232841,0
1506371937,22232615,249.40,4.02560000,0
1506371923,22232603,249.40,1.00000000,1
1506371923,22232602,249.41,1.17489275,1
1506371878,22232577,249.60,0.91062731,0
1506371875,22232574,249.60,1.87045800,0
1506371872,22232573,249.60,0.04953433,0
1506371863,22232556,249.60,4.90648500,0
1506371862,22232554,249.60,0.50265900,0
1506371858,22232553,249.60,2.59506151,0
1506371852,22232544,249.60,0.29500000,0
1506371842,22232542,249.60,0.29500000,0
1506371839,22232540,249.60,4.00544740,0
1506371834,22232537,249.65,0.37923625,1
1506371805,22232530,249.99,8.75009797,0
1506371788,22232525,250.00,3.68824925,0
1506371788,22232524,249.96,1.00000000,0
1506371778,22232515,249.96,0.40088088,0
1506371777,22232514,249.95,0.15000000,0
1506371777,22232513,249.90,9.08188377,0
1506371777,22232512,249.79,2.03750000,0
1506371776,22232508,249.79,0.10000000,0
1506371772,22232505,249.75,5.20768803,0
1506371766,22232499,249.65,0.56493878,1
1506371765,22232498,249.75,1.07123520,0
1506371746,22232457,249.86,0.16046301,0
1506371745,22232453,249.86,0.16103800,0
1506371743,22232447,249.87,2.66780218,0
1506371734,22232428,249.93,0.69441118,0
1506371732,22232424,249.89,5.20304210,0
1506371732,22232421,249.85,0.15000000,0
1506371721,22232404,249.80,0.50000000,0
1506371721,22232403,249.75,0.11325200,0
1506371721,22232402,249.75,0.03674800,0
1506371720,22232401,249.75,0.15000000,0
1506371715,22232389,249.65,0.15000000,0
1506371715,22232388,249.65,0.35537185,0
1506371715,22232387,249.65,0.25372985,0
1506371711,22232380,249.65,0.79197212,0
1506371709,22232370,249.65,0.19892618,0
1506371702,22232358,249.55,0.15000000,0
1506371702,22232357,249.54,0.09502891,0
1506371701,22232356,249.51,0.85508507,0
1506371664,22232276,249.51,0.31931928,0
1506371664,22232275,249.51,0.11879844,0
1506371660,22232273,249.50,0.15000000,0
1506371660,22232272,249.45,0.08044679,0
1506371660,22232271,249.45,0.15000000,0
1506371660,22232270,249.40,0.11760613,0
1506371660,22232269,249.35,0.15000000,0
1506371658,22232263,249.35,0.15000000,0
1506371658,22232260,249.30,0.15000000,0
1506371658,22232258,249.26,0.08044030,0
1506371658,22232257,249.15,0.15000000,0
1506371637,22232218,249.05,0.15000000,0
1506371637,22232217,249.00,0.15427419,0
1506371637,22232214,249.00,0.15000000,0
1506371637,22232212,249.00,0.40318548,0
1506371637,22232211,249.00,0.15000000,0
1506371636,22232205,248.99,4.57672568,0
1506371635,22232199,248.98,0.08000000,1
1506371632,22232195,248.99,3.02407116,0
1506371631,22232192,248.99,0.65744454,0
1506371631,22232188,248.99,0.69212000,0
1506371629,22232185,248.99,18.96114500,0
1506371629,22232184,248.99,0.47994244,0
1506371626,22232175,248.99,7.40789900,0
1506371624,22232172,248.99,2.64520880,0
1506371621,22232164,248.98,0.12000000,1
1506371619,22232161,248.99,40.00000000,0
1506371611,22232147,248.99,42.72605325,0
1506371608,22232142,248.98,0.14000000,1
1506371607,22232136,248.99,0.69268000,0
1506371607,22232135,248.99,4.99993326,0
1506371604,22232134,248.98,0.00000037,0
1506371603,22232130,248.98,0.16999963,0
1506371603,22232129,248.98,8.14889737,0
1506371603,22232128,248.98,2.66666600,0
1506371600,22232126,248.98,1.60856294,0
1506371597,22232121,248.98,3.00000000,0
1506371594,22232108,248.98,0.45397221,0
1506371592,22232104,248.98,0.00372883,0
1506371591,22232102,248.98,1.00702000,0
1506371590,22232101,248.97,0.03655500,0
1506371585,22232090,248.97,0.06344500,0
1506371580,22232067,248.98,9.41408129,0
1506371577,22232062,248.98,1.42983372,0
1506371569,22232053,248.98,1.99500000,0
1506371564,22232049,248.98,1.00000000,0
1506371556,22232028,248.98,1.00000000,0
1506371547,22232019,248.98,1.00000000,0
1506371546,22232015,248.98,8.00000000,0
1506371539,22232002,248.98,1.00000000,0
1506371531,22231981,248.98,1.00000000,0
1506371529,22231975,248.99,0.96199472,0
1506371527,22231970,248.99,36.28692000,0
1506371527,22231969,248.99,0.45728187,0
1506371527,22231967,248.99,5.37827206,0
1506371523,22231955,248.99,1.00000000,0
1506371520,22231939,248.99,69.50002008,0
1506371515,22231916,248.99,3.48507972,0
1506371502,22231907,248.99,6.06720842,0
1506371502,22231904,248.96,12.42974658,0
1506371501,22231900,248.96,1.58776075,0
1506371501,22231899,248.95,1.00000000,0
1506371501,22231898,248.90,0.15000000,0
1506371501,22231897,248.84,0.12003904,0
1506371501,22231895,248.79,0.00000321,0
1506371485,22231854,248.79,12.00361000,0
1506371485,22231852,248.79,3.80456300,0
1506371478,22231843,248.79,69.23752000,0
1506371478,22231841,248.79,5.38008547,0
1506371475,22231829,248.79,11.84271875,0
1506371475,22231828,248.79,16.84821700,0
1506371472,22231821,248.79,6.87206077,0
1506371470,22231816,248.79,6.19279101,0
1506371469,22231810,248.79,0.97653730,0
1506371463,22231797,248.79,4.11632000,0
1506371461,22231793,248.79,5.00000000,0
1506371456,22231780,248.79,42.72776236,0
1506371453,22231775,248.79,1.22202700,0
1506371452,22231769,248.79,5.00000000,0
1506371449,22231766,248.79,0.97684933,0
1506371447,22231761,248.79,5.00580100,0
1506371446,22231760,248.79,0.97653730,0
1506371444,22231757,248.79,0.08690000,0
1506371443,22231756,248.79,0.17290000,0
1506371442,22231754,248.79,6.67239400,0
1506371442,22231753,248.79,1.72465700,0
1506371442,22231751,248.79,1.99870200,0
1506371441,22231750,248.79,14.62330302,0
1506371441,22231748,248.78,16.46669698,0
1506371439,22231744,248.78,16.16390300,0
1506371439,22231743,248.78,2.00037000,0
1506371439,22231739,248.78,7.92000400,0
1506371433,22231732,248.78,0.17851113,0
1506371430,22231720,248.79,1.06355300,0
1506371418,22231704,248.79,0.41512300,0
1506371416,22231700,248.79,1.65026729,0
1506371410,22231694,248.79,0.71401584,0
1506371409,22231691,248.79,6.17908300,0
1506371409,22231690,248.78,0.12070000,0
1506371405,22231686,248.79,0.52263500,0
1506371386,22231675,248.79,2.85606335,0
1506371377,22231667,248.79,13.13700000,0
1506371371,22231662,248.60,0.12073763,0
1506371369,22231661,248.60,3.00000000,0
1506371362,22231654,248.60,3.30490000,0
1506371361,22231652,248.60,3.00000000,0
1506371358,22231648,248.60,7.53982300,0
1506371354,22231644,248.60,5.00000000,0
1506371347,22231640,248.60,42.72948511,0
1506371343,22231638,248.60,50.16277800,0
1506371340,22231637,248.60,0.45000000,0
1506371334,22231615,248.60,1.64696000,0
1506371328,22231613,248.60,6.11554400,0
1506371297,22231605,248.60,0.09980700,0
1506371293,22231604,248.60,6.00000000,0
1506371290,22231601,248.60,2.67276200,0
1506371253,22231568,248.60,7.82091200,0
1506371253,22231567,248.60,2.60808528,0
1506371247,22231557,248.60,15.39393000,0
1506371243,22231554,248.60,7.82869074,0
1506371243,22231553,248.59,0.62753926,0
1506371242,22231552,248.59,0.49851419,0
1506371242,22231551,248.59,3.12939516,0
1506371242,22231550,248.59,1.39047765,0
1506371242,22231549,248.59,1.93469200,0
1506371238,22231546,248.59,0.62721751,0
1506371219,22231536,248.59,0.47000000,0
1506371211,22231523,248.59,1.61671880,0
1506371192,22231517,248.59,0.44000000,0
1506371170,22231511,248.59,4.91357600,0
1506371163,22231510,248.59,1.03602400,0
1506371138,22231492,248.45,0.73287160,1
1506371138,22231491,248.50,1.12605345,1
1506371137,22231490,248.51,0.74002439,1
1506370999,22231408,248.59,1.44772900,0
1506370990,22231405,248.59,1.00000000,0
1506370952,22231390,248.59,0.45494000,0
1506370884,22231344,248.59,2.00000000,0
1506370860,22231324,248.59,1.00000000,0
1506370856,22231323,248.59,8.02610724,0
1506370810,22231313,248.59,0.04256004,0
1506370803,22231295,248.59,4.02264200,0
1506370788,22231283,248.59,11.18126231,0
1506370786,22231278,248.58,6.58878429,0
1506370762,22231266,248.51,3.10000000,1
1506370703,22231257,248.58,0.41121571,0
1506370662,22231244,248.50,41.60394655,0
1506370657,22231243,248.50,0.60177062,0
1506370613,22231236,248.50,0.18380000,0
1506370605,22231226,248.50,50.49324600,0
1506370594,22231223,248.50,0.99883300,0
1506370592,22231222,248.50,1.33967262,0
1506370534,22231197,248.50,4.01408451,0
1506370381,22231145,248.50,6.87738430,0
1506370378,22231135,248.50,1.19929769,0
1506370378,22231131,248.50,0.59408451,0
1506370377,22231124,248.50,12.89827500,0
1506370376,22231121,248.50,1.30668008,0
1506370376,22231120,248.50,0.13991400,0
1506370275,22231083,248.50,0.55868200,0
1506370234,22231063,248.50,0.10000000,0
1506370232,22231062,248.50,0.03000000,0
1506370222,22231056,248.50,4.72286200,0
1506370153,22230988,248.50,11.48398300,0
1506370151,22230984,248.50,0.06289000,0
1506370039,22230963,248.50,0.25382778,0
1506370028,22230952,248.50,5.32159340,0
1506370028,22230951,248.50,1.87052000,0
1506370023,22230949,248.50,1.87239400,0
1506370002,22230940,248.50,0.10000000,0
1506369973,22230926,248.50,1.85999500,0
1506369973,22230925,248.49,0.12000000,0
1506369964,22230918,248.50,0.34278000,0
1506369964,22230917,248.49,0.14000000,0
1506369953,22230912,248.23,1.00000000,1
1506369901,22230881,248.50,2.23923000,0
1506369899,22230875,248.50,1.70761518,0
1506369898,22230874,248.50,1.42117049,0
1506369898,22230873,248.50,2.88307792,0
1506369893,22230870,248.50,6.34268726,0
1506369893,22230869,248.49,0.17000000,0
1506369866,22230853,248.36,1.00000000,1
1506369841,22230842,248.50,39.89000000,0
1506369841,22230841,248.49,0.11000000,0
1506369835,22230836,248.50,0.36136821,0
1506369826,22230830,248.49,0.10000500,1
1506369826,22230829,248.49,0.02999500,1
1506369819,22230824,248.50,2.99851107,0
1506369813,22230818,248.49,0.15000000,1
1506369809,22230814,248.50,0.15910900,0
1506369808,22230813,248.49,0.18000000,0
1506369751,22230802,248.50,0.78000000,0
1506369750,22230801,248.49,0.22000000,0
1506369732,22230790,248.46,0.02285000,1
1506369729,22230783,248.50,1.96160966,0
1506369725,22230778,248.50,0.38373000,0
1506369725,22230777,248.50,0.25995400,0
1506369721,22230743,248.50,1.69402115,0
1506369721,22230739,248.49,0.26000000,0
1506369703,22230733,248.50,1.17400000,0
1506369702,22230732,248.50,1.17410000,0
1506369702,22230731,248.50,1.17410000,0
1506369702,22230730,248.50,1.17410000,0
1506369702,22230729,248.50,1.17410000,0
1506369702,22230728,248.50,1.17410000,0
1506369701,22230727,248.50,1.17400000,0
1506369701,22230726,248.50,1.17420000,0
1506369700,22230725,248.50,1.17420000,0
1506369700,22230724,248.50,1.17420000,0
1506369700,22230723,248.50,1.17420000,0
1506369700,22230722,248.50,1.17420000,0
1506369700,22230721,248.50,1.17410000,0
1506369700,22230720,248.50,1.17410000,0
1506369700,22230719,248.50,1.17410000,0
1506369700,22230718,248.50,1.17410000,0
1506369699,22230717,248.50,1.17410000,0
1506369699,22230716,248.50,1.17410000,0
1506369698,22230714,248.50,1.17420000,0
1506369698,22230713,248.50,1.17410000,0
1506369698,22230712,248.50,1.17410000,0
1506369698,22230711,248.50,1.17410000,0
1506369698,22230710,248.50,1.17410000,0
1506369697,22230709,248.50,1.17410000,0
1506369697,22230708,248.50,1.17410000,0
1506369697,22230707,248.50,1.17410000,0
1506369697,22230706,248.50,1.17410000,0
1506369696,22230705,248.50,1.17410000,0
1506369696,22230704,248.50,1.17400000,0
1506369696,22230703,248.50,1.17410000,0
1506369695,22230702,248.50,0.86410000,0
1506369695,22230701,248.49,0.31000000,0
1506369626,22230660,248.51,1.40000000,0
1506369618,22230654,248.24,0.05644248,1
1506369616,22230650,248.54,1.40000000,0
1506369610,22230643,248.60,1.18042853,0
1506369610,22230642,248.59,0.37000000,0
1506369599,22230614,248.60,10.98822000,0
1506369595,22230610,248.60,2.01678500,0
1506369595,22230609,248.60,8.23883241,0
1506369595,22230608,248.59,0.30358159,0
1506369595,22230607,248.59,0.44000000,0
1506369577,22230591,248.60,0.07556992,0
1506369577,22230590,248.59,0.52000000,0
1506369571,22230585,248.60,5.51055000,0
1506369568,22230581,248.59,0.61000000,0
1506369568,22230580,248.59,0.75676537,0
1506369568,22230579,248.59,0.80187124,0
1506369524,22230548,248.23,0.08000000,1
1506369501,22230544,248.59,1.03507643,0
1506369494,22230538,248.59,1.36000000,0
1506369437,22230493,248.59,1.73000000,0
1506369436,22230489,248.59,1.17610619,0
1506369434,22230480,248.59,23.88640200,0
1506369400,22230454,248.59,0.20061145,0
1506369323,22230409,248.60,0.22888617,0
1506369323,22230406,248.60,2.37880245,0
1506369323,22230405,248.60,3.88751076,0
1506369322,22230404,248.59,0.08068902,0
1506369321,22230402,248.59,0.18376346,0
1506369318,22230394,248.59,0.73554752,0
1506369318,22230393,248.59,0.73000000,0
1506369217,22230320,248.64,1.00000000,0
1506369197,22230310,248.65,2.04367183,0
1506369197,22230309,248.65,2.00000000,0
1506369155,22230245,248.00,0.30358159,0
1506369117,22230238,248.00,1.67091963,0
1506369117,22230237,247.99,0.77000000,0
1506369111,22230236,248.17,0.53612443,0
1506369106,22230234,248.15,0.08274000,1
1506369100,22230223,247.70,1.30232198,0
1506369099,22230220,247.70,0.56475575,0
1506369098,22230218,247.70,0.79421488,0
1506369097,22230213,247.70,0.56443217,0
1506369047,22230173,247.63,0.19726000,1
1506369047,22230172,247.64,0.08274000,1
1506369045,22230171,247.99,0.58780596,0
1506369044,22230169,247.99,0.56377273,0
1506369031,22230163,247.99,0.28000000,0
1506369031,22230160,247.99,0.66582800,0
1506369029,22230159,247.99,2.00000000,0
1506369019,22230153,247.72,1.47350264,1
1506368974,22230123,247.99,0.36927420,0
1506368973,22230121,247.99,0.35822580,0
1506368972,22230120,247.99,7.73002600,1
1506368968,22230117,247.99,0.50000000,1
1506368966,22230116,248.00,0.99104839,0
1506368965,22230114,248.00,0.35822580,0
1506368955,22230103,247.99,0.59000000,1
1506368942,22230091,247.99,0.70000000,1
1506368928,22230083,248.00,0.19100300,0
1506368871,22230055,248.00,1.63221774,0
1506368869,22230052,248.00,0.35818548,0
1506368868,22230051,248.00,0.08041761,0
1506368866,22230047,248.00,18.02044400,0
1506368828,22230030,248.00,5.56145161,0
1506368827,22230029,248.00,0.35818548,0
1506368826,22230026,248.00,2.16927419,0
1506368825,22230025,248.00,0.35818548,0
1506368825,22230023,248.00,7.08334677,0
1506368824,22230021,248.00,0.35818548,0
1506368824,22230020,248.00,2.16907259,0
1506368822,22230017,248.00,0.79290322,0
1506368822,22230015,248.00,1.15108870,0
1506368805,22230002,248.00,8.20963710,0
1506368804,22230000,248.00,0.97072581,0
1506368794,22229992,248.00,0.31488482,0
1506368793,22229991,248.00,0.29181451,0
1506368786,22229984,248.00,0.42003413,0
1506368784,22229979,248.00,0.02604839,0
1506368765,22229965,248.00,1.00000000,0
1506368761,22229958,248.00,1.00000000,0
1506368720,22229912,248.00,0.01758064,0
1506368718,22229911,247.99,0.02261080,0
1506368651,22229875,248.00,0.16825622,0
1506368651,22229874,248.00,4.83174378,0
1506368635,22229871,248.00,42.74500000,0
1506368621,22229858,248.00,1.26937200,0
1506368619,22229855,248.00,1.58504033,0
1506368618,22229853,248.00,1.15108870,0
1506368617,22229852,248.00,0.20000000,0
1506368610,22229847,248.00,0.17720000,0
1506368603,22229832,248.00,17.30291100,0
1506368588,22229826,248.00,1.23674100,0
1506368582,22229823,248.00,4.46339725,0
1506368581,22229822,248.00,2.90462775,0
1506368569,22229814,248.00,0.12735400,0
1506368564,22229810,248.00,1.00552419,0
1506368537,22229800,248.02,14.25781599,0
1506368537,22229799,248.00,0.78749481,0
1506368537,22229798,248.00,8.89447520,0
1506368537,22229797,248.00,2.41110600,0
1506368537,22229796,248.00,3.89722500,0
1506368502,22229784,247.98,0.15000000,1
1506368476,22229778,248.00,1.00000000,0
1506368468,22229777,248.00,20.00322580,0
1506368433,22229764,248.00,0.87512096,0
1506368426,22229756,248.00,2.01282000,0
1506368413,22229751,248.00,2.89439404,1
1506368412,22229750,248.03,8.01163300,1
1506368403,22229712,248.10,1.00000000,0
1506368393,22229706,248.10,1.60350100,0
1506368390,22229705,248.10,20.00000000,0
1506368353,22229671,248.10,0.53434099,0
1506368348,22229658,248.10,3.78879000,0
1506368347,22229656,248.10,0.53622800,0
1506368345,22229652,248.09,0.80450600,0
1506368336,22229641,248.09,0.06549400,0
1506368324,22229637,248.09,0.03000000,0
1506368284,22229625,248.10,0.20500000,0
1506368281,22229622,248.00,13.32762096,1
1506368281,22229621,248.00,6.67237904,1
1506368270,22229613,248.01,0.90000000,1
1506368254,22229602,248.10,13.73499800,0
1506368243,22229598,248.10,0.58030800,0
1506368214,22229590,248.10,0.29500000,0
1506368205,22229586,248.10,0.80930036,0
1506368204,22229581,248.10,1.40153164,0
1506368201,22229573,248.10,2.60866000,0
1506368195,22229569,248.10,1.47135500,0
1506368191,22229564,248.10,0.39822725,0
1506368166,22229538,248.20,4.00200000,0
1506368166,22229537,248.19,1.00000000,0
1506368156,22229526,248.00,13.72414336,0
1506368155,22229525,248.00,0.66467741,0
1506368154,22229522,248.00,2.49787692,0
1506368149,22229505,248.00,1.00036972,0
1506368148,22229500,248.00,0.99987694,0
1506368147,22229498,248.00,1.98352200,0
1506368146,22229494,248.00,0.99939749,0
1506368145,22229491,248.00,0.68224600,0
1506368145,22229489,248.00,4.12939516,1
1506368145,22229488,248.00,20.16100000,1
1506368145,22229487,248.00,0.15000000,1
1506368144,22229486,248.01,3.00749500,1
1506368132,22229481,248.03,0.58999449,0
1506368132,22229480,248.03,0.41000000,0
1506368132,22229478,248.03,1.30750051,0
1506368130,22229476,248.03,1.00000000,0
1506368129,22229474,248.03,0.69608600,0
1506368129,22229472,248.03,0.59641349,0
1506368129,22229470,248.03,0.00007551,0
1506368128,22229468,248.03,0.40743066,0
1506368126,22229467,248.03,0.25407244,1
1506368126,22229466,248.03,3.34842139,1
1506368118,22229451,248.20,0.80374698,0
1506368114,22229447,248.20,0.91462530,0
1506368112,22229443,248.20,2.65607200,0
1506368111,22229440,248.19,0.94281300,0
1506368099,22229437,248.19,0.05718700,0
1506368072,22229430,248.20,1.13100000,0
1506368070,22229428,248.20,0.18629600,0
1506368067,22229426,248.20,1.13212800,0
1506368046,22229417,248.20,0.23038000,0
1506368017,22229397,248.20,1.44278807,0
1506368015,22229396,248.20,2.56444700,0
1506368003,22229391,248.20,1.46401500,0
1506367997,22229387,248.20,0.15237117,0
1506367994,22229386,248.20,2.00126000,0
1506367993,22229384,248.20,0.78811998,0
1506367954,22229377,248.20,0.15000000,0
1506367927,22229369,248.20,1.96583400,0
1506367922,22229367,248.20,0.75813859,0
1506367821,22229335,248.20,0.91000000,0
1506367786,22229323,248.20,0.98829050,0
1506367786,22229322,248.20,7.13031345,0
1506367781,22229321,248.20,8.15100725,0
1506367771,22229316,248.20,2.00946817,0
1506367764,22229314,248.20,0.07830700,0
1506367747,22229284,248.20,1.17532301,0
1506367747,22229283,248.20,5.79391373,0
1506367743,22229280,248.20,14.30114312,0
1506367743,22229279,248.19,0.33791388,0
1506367739,22229275,248.19,0.09651400,0
1506367730,22229266,248.19,1.17942547,0
1506367730,22229265,248.19,0.38614665,0
1506367694,22229241,248.20,5.43895372,0
1506367668,22229228,248.20,0.40495568,0
1506367668,22229227,248.20,0.91027397,0
1506367637,22229207,248.20,9.91422000,0
1506367636,22229206,248.18,0.14484000,0
1506367524,22229157,248.20,0.40495568,0
1506367510,22229145,247.93,0.91000000,1
1506367510,22229144,247.97,0.09000000,1
1506367510,22229143,247.98,1.00000000,1
1506367478,22229131,248.20,0.64327500,0
1506367463,22229126,248.20,0.11478400,0
1506367419,22229107,248.20,0.11261080,0
1506367382,22229097,248.20,0.97010475,0
1506367373,22229080,248.20,0.19403706,0
1506367368,22229069,248.20,4.87010475,0
1506367366,22229062,248.20,7.29963653,0
1506367365,22229061,248.19,1.01033347,0
1506367292,22229021,248.19,0.10000000,1
1506367278,22229006,248.19,0.15000000,1
1506367277,22229005,248.19,0.15000000,0
1506367246,22229003,248.15,2.26000000,1
1506367243,22229001,248.20,0.15305700,0
1506367240,22228996,248.20,1.88993800,0
1506367239,22228994,248.19,0.18000000,0
1506367237,22228986,248.20,2.06993800,0
1506367237,22228985,248.20,1.15989000,0
1506367234,22228982,248.20,1.16038900,0
1506367232,22228977,248.20,0.95104700,0
1506367232,22228976,248.19,0.21000000,0
1506367225,22228972,248.20,0.35282030,0
1506367223,22228971,248.19,0.25000000,0
1506367092,22228870,248.20,13.13000000,0
1506367089,22228869,248.20,53.63240000,0
1506367089,22228868,248.19,0.30000000,0
1506367075,22228862,247.96,0.61033347,1
1506367075,22228861,247.97,0.25081400,1
1506367075,22228860,247.99,0.08044679,1
1506367073,22228858,248.06,0.50000000,1
1506366903,22228793,247.99,0.00000638,0
1506366902,22228792,247.99,0.80442910,0
1506366902,22228791,247.99,241.14057090,0
1506366902,22228790,247.98,0.36000000,0
1506366902,22228789,247.98,0.80000000,0
1506366858,22228778,247.87,0.41239000,1
1506366793,22228758,247.98,0.20000000,0
1506366597,22228674,247.99,2.27053510,0
1506366596,22228673,247.97,0.08274000,0
1506366577,22228672,247.63,3.83899296,1
1506366576,22228671,247.70,0.15000000,1
1506366576,22228670,247.76,0.12003929,1
1506366555,22228662,247.99,4.01000000,0
1506366349,22228586,247.98,0.14484205,0
1506366349,22228585,247.98,2.85515795,0
1506366349,22228584,247.98,0.06888323,0
1506366328,22228578,247.98,0.48241200,0
1506366235,22228552,247.98,0.08044030,0
1506366223,22228549,247.98,1.16569884,0
1506366221,22228548,247.97,3.64939950,0
1506366200,22228541,247.97,0.20597000,0
1506366193,22228532,247.98,0.20256563,0
1506366105,22228460,247.99,1.57889400,0
1506366087,22228454,247.99,1.00000000,0
1506366077,22228447,248.00,2.00126000,0
1506366054,22228437,248.00,4.10903225,0
1506366017,22228421,248.00,1.10158361,0
1506366017,22228419,248.00,1.21232000,1
1506366016,22228418,247.99,1.50000000,1
1506366016,22228417,247.99,0.09083360,0
1506365988,22228404,247.77,0.75208706,1
1506365987,22228403,247.90,0.15000000,1
1506365987,22228402,247.92,4.01000000,1
1506365987,22228401,247.96,0.53234393,0
1506365984,22228396,247.92,4.01000000,1
1506365976,22228376,248.00,0.39466434,0
1506365975,22228375,247.99,0.13759372,0
1506365970,22228371,248.00,0.53225806,0
1506365950,22228358,248.00,0.80443548,1
1506365950,22228357,248.00,0.15427419,1
1506365950,22228356,248.00,0.15000000,1
1506365950,22228355,248.15,0.15000000,1
1506365936,22228347,248.20,1.30000000,1
1506365936,22228345,248.35,0.15000000,1
1506365936,22228344,248.36,0.95000000,1
1506365931,22228338,248.37,0.75676537,1
1506365852,22228281,248.50,0.03056907,0
1506365841,22228273,248.48,3.38217186,0
1506365808,22228242,248.50,0.07527958,0
1506365808,22228241,248.49,0.02321042,0
1506365805,22228238,248.36,0.25000000,1
1506365802,22228235,248.55,0.15000000,1
1506365774,22228200,248.56,1.00000000,1
1506365685,22228156,248.58,1.50939062,1
1506365655,22228142,248.65,2.54269700,0
1506365647,22228138,248.65,3.58077000,0
1506365596,22228131,248.65,1.00126000,0
1506365541,22228123,248.64,7.04379826,0
1506365524,22228117,248.65,4.75071200,0
1506365504,22228112,248.65,0.11325200,1
1506365464,22228107,248.70,0.65956900,0
1506365414,22228083,248.65,0.03674800,1
1506365342,22228052,248.94,0.17678958,1
1506365340,22228051,248.70,0.00750720,0
1506365235,22228018,248.55,7.14466700,0
1506365234,22228017,248.56,1.05533300,1
1506365232,22228015,248.70,0.10000000,0
1506365070,22227928,248.45,0.11726000,0
1506365069,22227927,248.45,0.15000000,1
1506365069,22227926,248.46,0.08274000,1
1506365054,22227923,248.89,0.91852000,0
1506365052,22227918,248.86,0.08274000,0
1506364949,22227887,248.90,0.02476720,1
1506364918,22227870,248.90,0.08274000,1
1506364902,22227856,248.96,0.96939267,0
1506364902,22227855,248.95,0.00000519,0
1506364902,22227854,248.77,1.99991700,0
1506364900,22227852,248.70,1.20000000,0
1506364896,22227849,248.51,0.15000000,1
1506364889,22227846,248.50,0.20000000,0
1506364878,22227843,248.40,184.88752622,0
1506364878,22227842,248.40,213.11494613,0
1506364877,22227841,248.39,36.88505387,0
1506364875,22227838,248.39,2.79133100,0
1506364874,22227836,248.39,3.00126000,0
1506364821,22227821,248.40,1.60628019,0
1506364819,22227819,248.33,0.69789740,1
1506364814,22227817,248.40,0.39124746,0
1506364758,22227799,248.43,2.61887500,1
1506364689,22227767,248.50,0.08274000,0
1506364688,22227766,248.50,2.21649700,1
1506364688,22227765,248.50,1.50104600,1
1506364688,22227764,248.50,0.15000000,1
1506364688,22227763,248.51,3.43084200,1
1506364623,22227739,248.50,0.50000000,1
1506364607,22227736,248.61,0.21860540,1
1506364607,22227735,248.61,2.00080467,1
1506364598,22227726,248.55,0.00003600,0
1506364597,22227725,248.55,2.00090000,0
1506364595,22227720,248.95,3.88890100,0
1506364594,22227717,248.50,2.21650259,0
1506364566,22227701,248.22,2.25818314,1
1506364565,22227700,248.50,0.10558997,0
1506364565,22227699,248.49,0.08274000,0
1506364551,22227693,248.21,2.20439433,1
1506364534,22227679,248.50,0.67790744,0
1506364524,22227644,248.29,1.53111000,0
1506364521,22227642,248.50,0.08274000,0
1506364520,22227641,248.50,0.20000000,1
1506364520,22227640,248.55,8.00000000,1
1506364520,22227639,248.56,1.36879331,1
1506364452,22227572,248.56,0.71125900,1
1506364451,22227571,248.56,0.65385869,1
1506364451,22227570,248.58,3.34842139,1
1506364451,22227569,248.62,0.08274000,1
1506364448,22227567,248.95,19.95207873,0
1506364445,22227563,248.95,3.79787300,0
1506364445,22227562,248.93,0.08274000,0
1506364442,22227557,248.95,0.39983400,0
1506364413,22227543,248.95,0.00948735,0
1506364413,22227542,248.92,0.08274000,0
1506364404,22227538,248.95,3.22964600,0
1506364404,22227537,248.58,0.12552000,0
1506364404,22227536,248.62,0.08274000,1
1506364403,22227534,248.63,0.08274000,1
1506364369,22227519,248.95,0.10000000,0
1506364368,22227518,248.95,0.10000000,0
1506364364,22227514,248.95,0.22217473,0
1506364357,22227506,248.56,0.26928300,1
1506364357,22227505,248.94,0.33118000,1
1506364355,22227503,248.95,0.10000000,0
1506364346,22227493,248.95,0.10000000,0
1506364344,22227490,248.95,0.10000000,0
1506364342,22227488,248.94,1.98183482,0
1506364342,22227486,248.75,0.05381518,0
1506364341,22227481,248.75,0.10000000,0
1506364311,22227437,248.51,0.50901000,1
1506364294,22227432,248.51,1.25736000,1
1506364292,22227426,248.49,2.00160900,0
1506364283,22227416,248.26,0.15334200,0
1506364277,22227407,248.51,1.45603798,0
1506364275,22227403,248.50,0.15000000,0
1506364242,22227372,248.24,4.01000000,0
1506364242,22227371,248.24,0.47374008,0
1506364207,22227330,248.14,4.30893100,0
1506364202,22227322,248.12,4.08502008,0
1506364182,22227310,248.11,2.66448000,0
1506364182,22227309,248.10,0.59814300,0
1506364158,22227303,248.16,1.00000000,0
1506364148,22227297,248.16,0.39286328,0
1506364125,22227287,248.19,1.67330900,1
1506364084,22227250,248.20,10.00000000,0
1506364082,22227246,248.20,1.69550764,0
1506364082,22227244,248.19,1.00000000,0
1506364082,22227243,248.17,8.01041500,0
1506364082,22227242,248.15,0.14548000,0
1506364082,22227241,248.15,0.85452000,0
1506364081,22227239,248.10,0.15000000,0
1506364048,22227207,248.07,0.55665739,0
1506364047,22227206,247.99,0.20000000,0
1506364047,22227205,247.98,0.15000000,0
1506364047,22227204,247.90,0.15000000,0
1506364045,22227202,247.80,0.15000000,0
1506364011,22227169,247.70,0.00000500,0
1506364000,22227159,247.62,1.05000000,0
1506363999,22227158,247.62,1.00000000,1
1506363997,22227151,247.70,0.29999500,0
1506363997,22227150,247.70,0.00000500,0
1506363975,22227123,247.70,0.14999500,0
1506363970,22227116,247.60,0.05100000,0
1506363970,22227113,247.60,0.15000000,0
1506363961,22227100,247.46,1.00000000,0
1506363961,22227099,247.46,190.22299105,0
1506363950,22227088,247.44,3.67289603,0
1506363949,22227086,247.44,0.05268000,0
1506363948,22227085,247.44,4.72880547,0
1506363947,22227079,247.44,0.27133850,0
1506363914,22227052,247.46,0.14218000,0
1506363914,22227051,247.45,1.07014000,0
1506363913,22227050,247.45,2.93986000,0
1506363879,22227039,247.46,0.48000000,0
1506363872,22227037,247.46,0.72874509,0
1506363867,22227032,247.46,1.43443099,0
1506363867,22227031,247.45,4.01000000,0
1506363657,22226912,247.46,5.01539643,0
1506363637,22226903,247.46,2.25818314,0
1506363631,22226901,247.46,42.67764487,0
1506363626,22226899,247.46,5.28922143,0
1506363616,22226891,247.00,78.51356924,0
1506363615,22226890,247.00,171.48643076,0
1506363615,22226889,247.00,78.38356924,0
1506363615,22226888,246.99,0.13000000,0
1506363608,22226884,247.00,2.46570850,0
1506363606,22226883,246.99,0.13000000,0
1506363606,22226882,246.99,16.84832678,0
1506363601,22226881,246.99,3.00000000,0
1506363590,22226876,246.99,4.03862505,0
1506363557,22226858,246.99,0.97380460,0
1506363556,22226856,246.99,1.98088875,0
1506363523,22226836,246.99,2.43441000,0
1506363523,22226835,246.99,1.81808980,0
1506363521,22226832,246.99,1.38120642,0
1506363521,22226831,246.98,0.16000000,0
1506363516,22226823,246.97,3.12999550,0
1506363510,22226811,246.97,1.16468511,0
1506363509,22226809,246.97,1.16116063,0
1506363499,22226804,246.99,0.20232405,0
1506363499,22226803,246.99,4.25467888,0
1506363497,22226801,246.99,1.39313332,0
1506363495,22226797,246.99,1.24835013,0
1506363493,22226795,246.99,0.14466172,0
1506363492,22226792,246.99,1.06830236,0
1506363491,22226791,246.98,0.18000000,0
1506363490,22226788,246.98,1.06834561,0
1506363424,22226746,246.99,0.37009595,0
1506363391,22226734,246.99,0.72911940,0
1506363366,22226717,246.99,0.46852099,0
1506363319,22226700,246.99,0.40428120,0
1506363319,22226699,246.89,0.07571880,0
1506363302,22226678,246.89,1.99279031,0
1506363268,22226650,246.80,0.43530525,0
1506363238,22226634,246.51,1.77093462,1
1506363236,22226632,246.78,0.22906538,1
1506363214,22226626,246.80,10.00000000,0
1506363205,22226623,246.80,0.93340500,0
1506363186,22226620,246.80,1.50068881,0
1506363185,22226618,246.80,0.40493800,0
1506363185,22226617,246.80,2.12856989,0
1506363170,22226609,246.80,3.01903600,0
1506363168,22226606,246.80,0.07952900,0
1506363153,22226593,246.80,0.18631578,0
1506363152,22226591,246.80,0.02079700,0
1506363130,22226541,246.80,0.15552000,0
1506363068,22226522,246.80,0.50000000,0
1506363066,22226519,246.80,1.21288493,0
1506363061,22226514,246.80,0.16777300,0
1506363061,22226511,246.80,0.21062900,0
1506363060,22226510,246.80,69.91530600,0
1506363056,22226507,246.80,0.28224400,0
1506363056,22226506,246.79,0.22000000,0
1506363036,22226496,246.80,36.35705834,0
1506363036,22226495,246.79,0.26000000,0
1506363020,22226485,246.79,19.10703500,0
1506362930,22226466,246.50,153.71695347,0
1506362929,22226465,246.50,42.91910000,0
1506362929,22226464,246.50,42.91909053,0
1506362929,22226463,246.49,0.00000947,0
1506362929,22226462,246.49,0.30999053,0
1506362928,22226461,246.49,32.44471803,0
1506362928,22226460,246.48,10.16439144,0
1506362904,22226446,246.50,10.44485600,0
1506362904,22226445,246.49,0.37000000,0
1506362867,22226437,246.78,1.77194262,0
1506362867,22226436,246.78,0.22887000,0
1506362864,22226432,246.77,1.50000000,0
1506362835,22226415,246.78,1.00126000,0
1506362835,22226414,246.78,1.83353594,0
1506362834,22226413,246.77,0.18750427,0
1506362814,22226408,246.78,0.13649573,0
1506362774,22226380,246.40,0.05100000,1
1506362774,22226379,246.40,0.15000000,1
1506362774,22226377,246.44,0.32400000,1
1506362773,22226376,246.50,0.15000000,1
1506362773,22226374,246.60,0.15000000,1
1506362771,22226371,246.70,0.15000000,1
1506362601,22226302,246.89,5.87969600,0
1506362596,22226295,246.89,0.18693173,0
1506362595,22226294,246.89,1.88157700,0
1506362567,22226285,246.99,0.22890688,0
1506362567,22226282,246.99,2.82703753,0
1506362544,22226270,246.99,0.49875000,0
1506362543,22226269,246.99,13.94265247,0
1506362543,22226268,246.95,25.78427053,0
1506362542,22226267,246.95,0.17760932,0
1506362455,22226193,246.95,0.20194371,0
1506362451,22226192,246.95,8.00000000,0
1506362425,22226176,246.95,0.31546300,0
1506362407,22226164,246.95,4.03927900,0
1506362402,22226158,246.95,0.02429642,0
1506362400,22226156,246.80,2.91127800,0
1506362400,22226155,246.80,5.42945200,0
1506362399,22226154,246.80,1.00000000,1
1506362399,22226153,246.82,3.98927000,1
1506362391,22226150,246.82,0.02073000,1
1506362349,22226119,246.95,0.23575623,0
1506362346,22226113,246.95,1.25384615,0
1506362345,22226111,246.95,0.29234817,0
1506362342,22226105,246.95,1.08690660,0
1506362336,22226104,246.95,1.52268930,0
1506362316,22226097,246.95,0.25784379,0
1506362292,22226085,246.95,1.61571168,0
1506362290,22226084,246.95,42.74614294,0
1506362270,22226071,246.95,1.36995951,0
1506362270,22226070,246.95,0.92968276,0
1506362270,22226069,246.95,1.37052887,0
1506362269,22226068,246.95,0.12496391,0
1506362269,22226066,246.95,2.01914979,0
1506362269,22226065,246.95,0.36750132,0
1506362268,22226064,246.94,0.10000000,0
1506362268,22226063,246.94,1.36126413,0
1506362267,22226062,246.94,16.55962400,0
1506362267,22226061,246.94,4.64110700,0
1506362266,22226057,246.94,0.26544210,0
1506362251,22226040,246.94,0.54455700,0
1506362251,22226039,246.94,0.12000000,0
1506362216,22226026,246.95,1.84500000,0
1506362216,22226025,246.94,0.15000000,0
1506362198,22226017,246.95,2.17083000,0
1506362197,22226016,246.94,0.17000000,0
1506362197,22226015,246.82,0.97446256,1
1506362196,22226014,246.95,0.18740900,0
1506362190,22226009,246.95,2.06086800,0
1506362189,22226008,246.94,0.20000000,0
1506362171,22226004,246.94,0.17760680,0
1506362150,22225991,246.99,0.08431500,0
1506362114,22225977,247.00,3.17144715,0
1506362114,22225976,246.90,0.24534085,0
1506362113,22225975,246.90,0.15000000,1
1506362113,22225974,246.90,0.10465915,1
1506362112,22225971,247.00,1.76680162,0
1506362111,22225970,247.00,5.98829959,0
1506362110,22225969,247.00,7.75928000,0
1506362108,22225966,247.00,0.23169552,0
1506362106,22225962,247.00,0.23319838,0
1506362022,22225927,247.20,3.80547735,0
1506362021,22225926,247.19,0.28000000,0
1506361938,22225891,247.39,4.37451500,0
1506361921,22225881,247.40,3.67000000,0
1506361921,22225880,247.39,0.33000000,0
1506361910,22225879,247.40,0.09354300,0
1506361910,22225878,247.39,0.39000000,0
1506361897,22225873,247.40,0.68888981,0
1506361888,22225868,247.45,6.66205283,0
1506361888,22225866,247.40,0.08274000,0
1506361886,22225865,247.44,0.46000000,0
1506361886,22225864,247.42,3.10444584,0
1506361886,22225863,247.41,0.08274000,0
1506361882,22225861,247.39,2.58198011,0
1506361881,22225858,247.42,0.90555416,0
1506361881,22225857,246.99,0.32300000,0
1506361879,22225854,246.90,2.00000000,1
1506361872,22225848,246.90,0.74834509,1
1506361872,22225847,246.91,5.33002800,1
1506361872,22225846,247.00,0.30000000,1
1506361871,22225845,247.01,0.28249868,1
1506361871,22225844,247.10,0.26544210,1
1506361869,22225843,247.15,0.14548000,1
1506361847,22225837,247.45,1.21277026,0
1506361846,22225836,247.15,0.85452000,1
1506361844,22225834,247.18,0.08274000,0
1506361844,22225833,247.18,0.08274000,1
1506361832,22225825,247.45,0.40311174,0
1506361821,22225784,247.45,0.20153566,0
1506361796,22225752,247.45,0.88927056,0
1506361790,22225750,247.45,1.24497878,0
1506361741,22225740,247.42,0.17786849,0
1506361729,22225734,247.45,1.24497878,0
1506361723,22225727,247.45,1.24497878,0
1506361719,22225724,247.45,1.77466154,0
1506361719,22225723,247.44,1.16807779,0
1506361717,22225719,247.43,1.42294790,0
1506361705,22225715,247.44,0.84647603,0
1506361704,22225714,247.40,0.10501641,0
1506361701,22225712,247.39,0.13529407,0
1506361672,22225698,247.40,4.89498359,0
1506361662,22225691,247.45,3.13000000,0
1506361662,22225689,247.45,0.55000000,0
1506361646,22225680,247.46,1.75120700,0
1506361646,22225679,247.46,0.88000000,0
1506361636,22225668,247.47,0.88295600,0
1506361636,22225667,247.47,0.24101500,0
1506361634,22225666,247.47,3.76898500,0
1506361634,22225665,247.46,1.37900600,0
1506361623,22225661,247.48,2.63099400,0
1506361618,22225654,247.17,10.53602600,0
1506361617,22225652,247.17,2.00397400,1
1506361570,22225637,247.48,0.13200000,0
1506361540,22225619,247.17,3.69886034,0
1506361540,22225618,247.45,0.32300000,1
1506361539,22225617,247.64,4.96297000,0
1506361538,22225613,247.64,3.01516966,1
1506361534,22225611,247.64,0.26018031,1
1506361534,22225610,247.70,0.80000000,1
1506361534,22225609,247.70,0.96681469,1
1506361534,22225608,247.71,4.97300500,1
1506361531,22225607,247.71,1.00000000,1
1506361513,22225594,247.70,1.00000000,1
1506361479,22225561,247.89,0.90766065,0
1506361469,22225554,247.89,2.07849295,0
1506361469,22225553,247.89,1.05249257,0
1506361453,22225545,247.44,0.02626532,0
1506361453,22225544,247.44,0.80536939,0
1506361453,22225542,247.70,1.05284618,1
1506361448,22225537,247.81,0.79246586,0
1506361448,22225536,247.81,0.80501191,0
1506361448,22225534,247.81,0.07655978,0
1506361448,22225533,247.70,20.37733145,0
1506361443,22225531,247.70,0.88304401,0
1506361437,22225524,247.43,1.36091685,1
1506361433,22225521,247.47,0.16888374,0
1506361432,22225520,247.47,0.83111626,0
1506361427,22225517,247.47,1.00000000,1
1506361420,22225508,247.55,1.00000000,1
1506361417,22225506,247.70,1.73962454,0
1506361417,22225505,247.70,0.15000000,0
1506361417,22225504,247.69,0.08274000,0
1506361415,22225503,247.68,0.04218928,0
1506361394,22225492,247.68,0.04055072,0
1506361345,22225457,247.50,0.15000000,0
1506361345,22225455,247.15,0.94532200,0
1506361344,22225452,247.10,35.55720680,0
1506361343,22225450,247.10,3.64217100,0
1506361342,22225449,247.09,0.65000000,0
1506361286,22225419,247.10,6.84751275,0
1506361274,22225416,247.10,0.22126000,0
1506361273,22225415,247.09,0.78000000,1
1506361258,22225409,247.10,17.73184945,0
1506361246,22225405,247.09,1.14000000,1
1506361244,22225403,247.09,1.14000000,0
1506361141,22225320,247.09,1.62811121,0
1506361141,22225319,247.08,1.67000000,1
1506361139,22225317,247.08,1.67000000,0
1506361128,22225312,247.09,3.40998280,0
1506361113,22225280,247.08,1.71455790,0
1506361112,22225278,247.08,0.26544210,0
1506361096,22225272,247.09,1.57458335,0
1506361096,22225271,246.91,0.35000000,0
1506361068,22225255,247.09,2.13250233,0
1506361062,22225247,247.09,2.24623578,0
1506361044,22225236,246.92,2.00000000,1
1506361034,22225228,247.09,2.70000000,0
1506361032,22225226,247.09,2.00000000,0
1506361012,22225204,247.09,4.32114626,0
1506360989,22225187,247.10,10.00000000,0
1506360954,22225167,247.10,6.00000000,0
1506360903,22225146,247.15,0.08274000,0
1506360901,22225145,247.15,1.36091685,0
1506360887,22225140,247.32,0.72517386,0
1506360887,22225139,247.30,2.00000000,0
1506360887,22225138,247.30,0.15000000,0
1506360886,22225137,247.10,0.15000000,0
1506360879,22225129,247.01,2.20000000,1
1506360872,22225124,247.00,0.15000000,0
1506360872,22225123,247.00,0.15000000,0
1506360840,22225082,246.50,2.28999341,0
1506360839,22225081,246.50,136.99330000,0
1506360839,22225080,246.49,2.29000000,0
1506360835,22225076,246.50,0.22000000,0
1506360831,22225063,246.50,13.83821501,0
1506360829,22225062,246.49,2.34859100,0
1506360825,22225060,246.49,0.37140900,0
1506360822,22225055,246.50,4.26564400,0
1506360821,22225054,246.50,10.00000000,0
1506360821,22225053,246.50,2.94069500,0
1506360821,22225052,246.50,11.09119900,0
1506360820,22225051,246.50,11.87541200,0
1506360819,22225050,246.50,0.29953370,0
1506360819,22225048,246.49,0.14046630,0
1506360817,22225047,246.49,0.23000066,0
1506360816,22225045,246.49,1.45601788,0
1506360815,22225038,246.49,0.35480730,0
1506360815,22225036,246.49,0.36870720,0
1506360814,22225034,246.49,0.23000066,0
1506360812,22225030,246.49,0.23000000,0
1506360811,22225027,246.49,0.23000000,1
1506360811,22225026,246.50,6.70572008,0
1506360809,22225021,246.50,1.24182556,0
1506360808,22225019,246.50,4.84192100,0
1506360806,22225012,246.50,0.60112287,0
1506360806,22225011,246.50,3.50402738,0
1506360804,22225009,246.50,3.49501600,0
1506360802,22225005,246.50,10.00000000,0
1506360802,22225003,246.50,2.94069500,0
1506360802,22225001,246.50,20.29854898,0
1506360802,22224999,246.49,3.49501602,0
1506360798,22224994,246.49,0.35498398,0
1506360792,22224985,246.49,0.17749199,0
1506360784,22224978,246.49,0.22839182,0
1506360771,22224968,246.50,1.21801607,0
1506360770,22224967,246.50,1.25637494,0
1506360763,22224963,246.50,0.08274000,0
1506360754,22224953,246.98,10.57603855,0
1506360646,22224852,246.99,1.40811368,0
1506360646,22224851,246.99,1.50929123,0
1506360645,22224850,246.99,0.20000000,0
1506360644,22224849,246.98,4.65000000,0
1506360641,22224845,246.97,0.37966967,0
1506360633,22224837,246.92,0.08274000,0
1506360625,22224830,246.31,0.56664097,1
1506360625,22224829,246.31,4.59780000,1
1506360625,22224827,246.31,4.59780000,1
1506360625,22224826,246.32,0.31501903,1
1506360623,22224820,246.34,0.08274000,1
1506360618,22224819,246.95,2.00000000,0
1506360596,22224793,246.99,0.10000000,0
1506360586,22224788,246.32,2.49167397,0
1506360586,22224786,246.34,1.59557686,0
1506360586,22224785,246.79,0.08287598,1
1506360583,22224780,246.99,0.13274000,1
1506360581,22224775,247.00,0.81972035,0
1506360580,22224773,245.72,3.60271256,1
1506360580,22224771,247.00,1.39728744,1
1506360580,22224770,247.00,4.54868852,0
1506360580,22224768,246.99,3.16000000,0
1506360579,22224767,246.99,0.08274000,0
1506360579,22224766,246.80,0.05000000,0
1506360579,22224765,246.79,0.08274000,0
1506360579,22224763,246.60,0.15000000,0
1506360578,22224757,244.29,0.86059395,0
1506360578,22224756,244.29,0.40000000,0
1506360578,22224755,244.29,2.49719685,0
1506360577,22224753,244.40,0.15000000,1
1506360577,22224752,244.75,0.69000000,0
1506360576,22224750,244.75,0.36098488,0
1506360576,22224749,244.47,3.09901512,0
1506360575,22224748,245.71,0.47000000,1
1506360575,22224747,246.50,0.53098488,1
1506360574,22224746,246.80,0.10000000,0
1506360573,22224743,246.50,1.97638312,1
1506360571,22224739,247.00,1.95032333,0
1506360571,22224738,246.99,2.94000000,0
1506360571,22224737,246.80,0.15000000,0
1506360571,22224736,246.70,0.06151909,0
1506360570,22224735,246.60,0.15000000,0
1506360570,22224734,246.40,0.15000000,0
1506360570,22224733,246.20,0.15000000,0
1506360570,22224732,245.82,2.04873357,0
1506360570,22224731,245.20,0.19000000,0
1506360570,22224730,244.40,3.55152704,0
1506360570,22224729,244.40,28.32260447,0
1506360569,22224728,244.55,0.11760551,1
1506360569,22224726,244.60,0.15000000,1
1506360568,22224725,244.60,14.29797276,0
1506360568,22224724,244.70,0.19015120,1
1506360568,22224723,244.80,0.15000000,1
1506360568,22224722,244.80,0.38700000,0
1506360567,22224720,245.00,0.15000000,1
1506360567,22224719,245.00,0.29100000,1
1506360567,22224717,245.17,0.04274215,1
1506360566,22224716,245.20,0.15000000,1
1506360566,22224715,245.30,1.01728358,1
1506360566,22224714,245.31,0.72000000,0
1506360565,22224712,245.40,0.15000000,1
1506360565,22224711,245.40,0.12886180,0
1506360565,22224709,245.48,0.89314758,0
1506360564,22224707,245.50,1.55356415,1
1506360564,22224706,245.50,0.20000000,1
1506360564,22224704,245.50,1.05300000,0
1506360564,22224702,245.50,3.34842139,0
1506360563,22224699,245.51,3.59000000,0
1506360563,22224698,245.60,0.15000000,1
1506360563,22224697,245.80,0.15000000,1
1506360562,22224696,245.96,0.45000000,1
1506360562,22224695,245.96,0.06151909,0
1506360562,22224693,245.96,4.01000000,0
1506360562,22224691,246.00,2.50000000,1
1506360562,22224690,246.00,2.94429407,1
1506360562,22224689,246.00,0.15000000,1
1506360561,22224688,246.02,1.00000000,1
1506360561,22224687,246.11,20.74589369,1
1506360561,22224685,246.19,0.47430975,1
1506360560,22224684,246.20,0.15000000,1
1506360560,22224683,246.34,2.53194500,0
1506360559,22224682,246.40,0.15000000,1
1506360559,22224680,246.50,3.00000000,1
1506360559,22224679,246.60,0.15000000,1
1506360558,22224678,246.60,6.38785656,0
1506360558,22224677,246.60,1.00000000,0
1506360558,22224675,246.60,0.63214444,0
1506360558,22224674,246.69,1.34403100,1
1506360556,22224670,246.69,1.24800000,0
1506360554,22224664,246.80,0.15000000,1
1506360552,22224656,247.00,3.02862348,1
1506360552,22224653,247.00,0.15000000,1
1506360552,22224651,247.00,0.15000000,1
1506360552,22224650,247.02,2.00000000,1
1506360552,22224649,247.02,0.75181700,1
1506360552,22224648,247.02,0.40482552,1
1506360552,22224647,247.04,8.01438800,1
1506360509,22224566,247.30,0.08274000,0
1506360509,22224564,247.30,3.76503666,1
1506360491,22224522,247.30,1.55555556,1
1506360491,22224521,247.30,2.77471576,1
1506360491,22224520,247.31,0.07655978,1
1506360487,22224517,247.30,2.00000000,1
1506360487,22224515,247.30,2.00000000,1
1506360487,22224513,247.30,2.90469202,1
1506360486,22224512,247.31,2.54560700,0
1506360486,22224509,247.74,0.00000038,1
1506360483,22224500,247.74,34.38588800,1
1506360483,22224499,247.74,20.00000000,1
1506360483,22224498,247.74,1.90201900,1
1506360482,22224495,247.81,0.80505226,1
1506360481,22224493,248.00,0.40318548,1
1506360481,22224492,248.00,0.15000000,1
1506360481,22224489,248.11,0.00000048,1
1506360476,22224463,248.11,1.67774300,1
1506360476,22224457,248.11,2.30166900,1
1506360476,22224455,248.11,3.00000000,1
1506360463,22224438,248.11,2.62058752,1
1506360462,22224437,248.17,0.29671509,1
1506360454,22224431,248.17,0.12643132,0
1506360447,22224414,248.11,5.40000000,1
1506360427,22224381,248.11,0.46871192,1
1506360425,22224369,248.16,0.79060480,1
1506360423,22224364,248.16,1.20939520,1
1506360423,22224363,248.17,1.21402988,1
1506360423,22224362,248.17,0.12690576,1
1506360419,22224349,248.21,1.00000000,1
1506360411,22224341,248.26,0.81068296,0
1506360383,22224316,248.16,2.32170542,1
1506360382,22224315,248.21,2.00443032,1
1506360382,22224314,248.22,1.70332769,1
1506360382,22224313,248.23,0.10000000,1
1506360380,22224312,248.24,0.29241862,1
1506360380,22224311,248.24,0.27811795,1
1506360374,22224306,248.24,1.00000000,1
1506360309,22224261,248.21,1.99826900,0
1506360307,22224256,248.30,3.48563999,0
1506360306,22224252,248.30,0.28933800,0
1506360306,22224250,248.30,0.71807254,0
1506360306,22224248,248.22,1.70340446,0
1506360306,22224243,248.22,6.28947054,0
1506360305,22224242,248.21,1.70340446,0
1506360301,22224227,248.21,0.10000000,0
1506360295,22224218,248.17,7.89360700,0
1506360292,22224214,248.17,0.10000000,0
1506360285,22224213,248.16,99.00180000,1
1506360285,22224212,248.16,197.26410000,1
1506360285,22224211,248.16,197.26410000,1
1506360285,22224210,248.17,6.47000000,1
1506360265,22224201,248.21,0.10000000,0
1506360260,22224196,248.23,0.10000000,1
1506360259,22224195,248.17,5.69330200,1
1506360259,22224194,248.17,2.00000000,1
1506360259,22224193,248.20,0.10000000,1
1506360259,22224192,248.21,0.10000000,1
1506360258,22224191,248.21,0.10000000,1
1506360257,22224190,248.23,0.10000000,0
1506360254,22224181,248.23,0.10000000,0
1506360205,22224133,248.21,5.00000000,1
1506360185,22224112,248.30,0.10000000,1
1506360172,22224098,248.18,1.39000000,1
1506360162,22224089,248.17,5.87077263,1
1506360162,22224088,248.18,5.83309600,1
1506360162,22224087,248.18,2.00000000,1
1506360162,22224086,248.19,2.42431201,1
1506360162,22224085,248.19,0.28961682,1
1506360046,22224029,248.21,0.08274000,1
1506360024,22224020,248.48,2.34001400,0
1506360024,22224019,248.45,0.08274000,0
1506359997,22224009,248.18,4.91726000,1
1506359997,22224008,248.19,0.08274000,1
1506359970,22223983,248.15,194.38407903,0
1506359969,22223982,248.15,1.44000000,0
1506359969,22223981,248.14,1.44000000,0
1506359960,22223975,248.15,0.12000000,0
1506359955,22223974,248.15,2.29000000,0
1506359955,22223973,248.14,1.71000000,0
1506359952,22223971,248.15,1.00491638,0
1506359941,22223964,248.15,0.46394201,0
1506359939,22223961,248.15,22.17844900,0
1506359938,22223960,248.15,22.16915300,0
1506359937,22223959,248.22,1.99796400,1
1506359937,22223958,248.23,2.37557910,1
1506359937,22223957,248.23,1.37416911,1
1506359937,22223955,248.23,0.20174837,1
1506359870,22223940,248.48,1.01300924,0
1506359852,22223930,248.48,0.20053400,0
1506359774,22223854,248.35,17.02386799,0
1506359771,22223845,248.35,7.71984200,0
1506359769,22223839,248.35,2.47791423,0
1506359769,22223838,248.35,1.25129857,0
1506359769,22223837,248.35,0.21436900,0
1506359767,22223832,248.35,0.02005235,0
1506359758,22223821,248.35,0.86963637,0
1506359739,22223802,248.35,0.21441513,0
1506359714,22223785,248.35,2.00000000,0
1506359695,22223756,248.35,1.01121143,0
1506359613,22223696,248.12,5.00000000,1
1506359596,22223685,248.35,0.18920720,0
1506359570,22223672,248.12,1.19995000,1
1506359546,22223662,248.35,0.39387960,0
1506359540,22223658,248.35,1.41779746,0
1506359534,22223653,248.35,0.18920720,0
1506359532,22223648,248.35,1.25085564,0
1506359532,22223646,248.35,0.73967600,0
1506359515,22223635,248.35,8.26193200,0
1506359513,22223634,248.35,0.18920720,0
1506359496,22223623,248.35,0.20000000,0
1506359492,22223621,248.35,1.00000000,0
1506359480,22223616,248.35,0.18920720,0
1506359416,22223557,248.35,1.31828654,0
1506359399,22223548,248.35,1.44094222,0
1506359384,22223539,248.35,0.54701027,0
1506359370,22223527,248.35,1.43842000,0
1506359346,22223516,248.35,0.64091014,0
1506359340,22223511,248.35,0.80800483,0
1506359332,22223507,248.35,0.74831000,0
1506359312,22223479,248.35,33.37853835,0
1506359309,22223472,248.35,5.25316357,0
1506359308,22223471,248.35,2.00000000,0
1506359305,22223454,248.35,0.99894208,0
1506359303,22223439,248.35,7.13509160,0
1506359303,22223437,248.35,0.63056426,0
1506359303,22223435,248.35,0.76635184,0
1506359303,22223430,248.35,0.46361989,0
1506359302,22223429,248.35,0.84333600,0
1506359302,22223428,248.35,5.29079927,0
1506359301,22223421,248.35,2.92607207,0
1506359301,22223420,248.35,4.55524149,0
1506359299,22223409,248.35,0.84333600,0
1506359299,22223406,248.35,1.21881584,0
1506359297,22223393,248.35,2.43375298,0
1506359292,22223379,248.12,1.00000000,1
1506359291,22223377,248.35,1.98401000,0
1506359277,22223361,248.12,6.30228481,1
1506359262,22223342,248.35,0.19775714,0
1506359248,22223337,248.35,0.15764299,0
1506359246,22223335,248.35,0.00368888,0
1506359244,22223331,248.30,0.70000000,0
1506359219,22223318,248.35,0.15381518,1
1506359206,22223301,248.48,0.80288152,0
1506359191,22223283,248.49,4.96007888,0
1506359173,22223266,248.52,1.99716000,1
1506359173,22223265,248.56,1.70055519,1
1506359163,22223258,248.78,0.83969646,0
1506359118,22223238,248.76,4.08076305,1
1506359117,22223234,248.79,1.75855138,0
1506359113,22223231,248.77,10.14000000,1
1506359113,22223229,248.78,1.00000000,1
1506359113,22223226,248.79,0.08712200,0
1506359113,22223225,248.78,1.00000000,0
1506359097,22223204,248.79,5.58893042,0
1506359096,22223203,248.70,0.08274000,1
1506359096,22223202,248.70,14.29797276,1
1506359096,22223201,248.70,0.08274000,0
1506359057,22223186,248.79,1.43147399,0
1506359056,22223185,248.79,0.23624123,0
1506359055,22223183,248.79,0.89272077,0
1506359054,22223182,248.79,4.57408572,0
1506359049,22223180,248.79,10.73073677,0
1506359020,22223159,248.64,1.70000000,1
1506359016,22223158,248.79,8.01965513,0
1506358998,22223146,248.50,89.71589699,0
1506358995,22223145,248.50,52.31436500,0
1506358995,22223144,248.50,27.16185000,0
1506358995,22223142,248.50,2.48565300,0
1506358977,22223139,248.50,10.00000000,0
1506358974,22223137,248.26,0.52916500,1
1506358974,22223136,248.50,42.61609657,0
1506358969,22223132,248.50,1.39287726,0
1506358959,22223119,248.50,4.01408451,0
1506358948,22223109,248.50,0.71026585,0
1506358939,22223096,248.20,207.06716500,0
1506358936,22223095,248.19,1.47000000,1
1506358936,22223094,248.20,10.00000000,0
1506358925,22223092,248.19,0.75000000,1
1506358923,22223090,248.19,1.75000000,1
1506358910,22223084,248.19,2.07000000,1
1506358908,22223083,248.20,0.52879500,0
1506358894,22223081,248.20,1.00000000,0
1506358894,22223079,248.20,0.15000000,1
1506358893,22223078,248.40,0.15000000,1
1506358893,22223077,248.42,7.99046300,1
1506358893,22223076,248.43,23.11357700,1
1506358883,22223066,248.50,4.08076305,0
1506358863,22223046,248.50,2.39175050,1
1506358863,22223045,248.50,4.97987927,1
1506358862,22223044,248.50,0.15000000,1
1506358862,22223043,248.54,7.98651800,1
1506358850,22223027,248.70,0.15000000,1
1506358839,22223016,248.80,10.00000000,0
1506358795,22222964,248.80,1.11113663,1
1506358794,22222963,248.80,0.15000000,1
1506358794,22222962,248.90,0.11330037,1
1506358787,22222952,248.92,2.00000000,1
1506358781,22222947,249.00,8.86000000,0
1506358781,22222946,249.00,14.01789719,0
1506358780,22222945,249.00,1.21506024,1
1506358780,22222944,249.00,2.04080321,1
1506358780,22222943,249.01,0.11879844,1
1506358779,22222942,249.04,0.09502891,1
1506358761,22222923,249.29,4.24188696,0
1506358755,22222921,249.20,0.23600000,1
1506358748,22222915,249.20,1.76400000,1
1506358705,22222872,249.20,2.00000000,1
1506358687,22222839,249.14,1.39000000,1
1506358654,22222785,249.58,0.36149100,0
1506358653,22222783,249.14,0.88986300,1
1506358627,22222768,249.52,0.04977200,0
1506358623,22222762,249.35,1.79731302,0
1506358623,22222760,249.31,0.32000000,0
1506358623,22222759,249.29,6.13000000,0
1506358622,22222758,249.04,8.68400000,1
1506358622,22222757,249.04,11.91726000,1
1506358622,22222756,249.04,0.08274000,1
1506358611,22222740,249.01,2.38121947,1
1506358610,22222739,249.20,0.15000000,1
1506358610,22222738,249.32,0.06789965,1
1506358610,22222737,249.34,4.01000000,0
1506358609,22222733,249.34,0.22974500,0
1506358609,22222732,249.34,3.78025500,0
1506358607,22222725,249.40,0.15000000,1
1506358607,22222723,249.50,0.15000000,1
1506358607,22222720,249.70,0.00000370,1
1506358603,22222713,249.70,0.13129000,1
1506358603,22222711,249.96,4.01000000,1
1506358600,22222700,249.99,0.26962800,0
1506358579,22222655,249.70,2.34519393,0
1506358579,22222652,249.71,0.31940000,1
1506358578,22222651,249.83,0.32000000,1
1506358578,22222650,249.94,4.01000000,1
1506358576,22222641,250.02,0.08274000,1
1506358493,22222423,250.40,11.62957946,0
1506358466,22222405,250.40,17.52781832,0
1506358466,22222404,250.39,0.75066259,0
1506358466,22222403,250.39,1.58794029,0
1506358443,22222386,250.39,0.42441119,0
1506358439,22222384,250.39,6.93397222,1
1506358435,22222380,250.39,1.73000000,1
1506358426,22222377,250.39,10.40258105,1
1506358425,22222376,250.39,1.38024678,1
1506358422,22222369,250.39,1.93000000,1
1506358414,22222367,250.39,0.32333560,1
1506358413,22222365,250.39,0.91984501,1
1506358403,22222356,250.39,0.91972519,1
1506358381,22222346,250.40,6.61285216,0
1506358379,22222345,250.39,15.49500000,1
1506358353,22222328,250.39,0.78447339,0
1506358351,22222326,250.40,2.20485370,0
1506358351,22222324,250.39,1.26469958,0
1506358350,22222320,250.39,0.89530042,0
1506358348,22222318,250.38,4.91934300,0
1506358348,22222317,250.38,1.00126000,0
1506358286,22222256,250.32,0.55712245,1
1506358285,22222254,250.32,1.18167500,1
1506358278,22222244,250.28,4.05341234,1
1506358277,22222242,250.56,0.30000000,0
1506358228,22222206,250.44,7.95247000,0
1506358213,22222187,250.44,6.56737148,1
1506358194,22222174,250.47,0.82770459,0
1506358194,22222173,250.44,2.90000000,0
1506358139,22222118,250.56,0.08274000,1
1506358138,22222117,250.35,1.28659987,0
1506358136,22222115,250.55,6.66892113,1
1506358136,22222111,250.50,0.15000000,0
1506358136,22222109,250.46,0.77667759,0
1506358136,22222108,250.11,4.71025128,0
1506358128,22222081,250.20,0.98289587,0
1506358128,22222079,250.20,0.36666400,0
1506358104,22222048,250.47,0.39916300,0
1506358104,22222047,250.34,0.08274000,0
1506358084,22222001,250.00,9.57428666,0
1506358083,22222000,250.00,24.08083900,0
1506358083,22221999,250.00,3.34842139,0
1506358082,22221997,250.00,4.38090656,1
1506358082,22221996,250.15,0.75066259,1
1506358082,22221995,250.16,0.22465129,1
1506358059,22221977,250.22,4.00000000,1
1506358038,22221969,250.15,1.84710800,0
1506358038,22221968,250.17,0.08274000,1
1506358036,22221967,250.18,0.08274000,1
1506358005,22221946,250.48,0.07123000,0
1506358005,22221945,250.46,0.08274000,0
1506357993,22221935,250.22,6.29900000,1
1506357956,22221911,250.48,0.02481421,0
1506357945,22221900,250.12,1.93554700,0
1506357944,22221897,250.12,24.06671300,1
1506357944,22221896,250.18,0.08274000,1
1506357937,22221892,250.48,1.91640051,0
1506357936,22221891,250.46,0.08274000,0
1506357905,22221870,250.48,2.11877000,0
1506357902,22221862,250.48,1.19995000,0
1506357900,22221853,250.48,1.68438400,0
1506357900,22221851,250.47,0.08274000,0
1506357777,22221758,250.01,3.46050788,1
1506357776,22221757,250.03,1.77401212,1
1506357776,22221756,250.10,0.08274000,1
1506357774,22221755,250.11,0.08274000,1
1506357739,22221741,250.47,3.00000000,0
1506357709,22221729,250.03,1.07376732,1
1506357695,22221724,250.01,0.00116003,1
1506357695,22221723,250.30,1.00000000,1
1506357673,22221712,250.47,0.38962505,0
1506357654,22221699,250.00,2.61909344,0
1506357629,22221671,250.00,1.99520000,0
1506357616,22221651,250.00,3.90079801,0
1506357587,22221595,250.00,3.98996000,0
1506357578,22221567,249.89,0.03500000,1
1506357547,22221556,249.89,8.10034077,1
1506357547,22221555,249.99,1.80165923,1
1506357545,22221554,249.99,8.19834077,0
1506357502,22221525,250.47,1.44029940,0
1506357502,22221524,250.20,4.01000000,0
1506357494,22221520,249.99,0.77667759,1
1506357494,22221519,250.20,3.23332241,1
1506357493,22221517,250.20,0.46149692,0
1506357465,22221488,250.20,2.53850308,0
1506357465,22221487,250.17,0.08274000,0
1506357451,22221466,249.71,1.50000000,0
1506357408,22221438,250.00,0.42520384,0
1506357408,22221436,250.00,1.00000000,0
1506357408,22221434,249.95,0.08274000,0
1506357259,22221285,249.73,0.08274000,0
1506357258,22221284,249.81,0.08274000,1
1506357211,22221222,250.38,0.42556017,0
1506357191,22221204,250.40,0.02775559,1
1506357191,22221203,250.30,0.15000000,0
1506357191,22221202,250.10,0.15000000,0
1506357189,22221201,249.90,0.15000000,0
1506357189,22221200,249.90,1.51777672,0
1506357188,22221198,249.89,4.98971547,0
1506357156,22221181,249.90,0.49023609,0
1506357156,22221180,249.70,0.15000000,0
1506357154,22221175,249.66,0.11861454,0
1506357136,22221166,249.49,7.07179387,0
1506357134,22221165,249.49,1.49642657,0
1506357083,22221112,249.49,1.53012461,0
1506357076,22221111,249.49,11.99571125,0
1506357060,22221099,249.49,0.63862279,0
1506357058,22221094,249.38,0.56142899,0
1506357032,22221077,249.49,10.13427391,0
1506357032,22221076,249.38,1.77838960,0
1506357030,22221074,249.24,0.08274000,0
1506356969,22220968,249.38,8.45372747,0
1506356969,22220967,249.37,3.27207253,0
1506356938,22220924,249.45,0.63104305,0
1506356933,22220907,248.30,0.08274000,1
1506356931,22220906,248.15,5.49405738,0
1506356931,22220905,248.15,1.03708852,0
1506356931,22220904,248.15,8.86000000,0
1506356928,22220902,249.47,3.29410349,0
1506356928,22220901,248.90,0.09517713,1
1506356928,22220900,248.90,0.32100000,1
1506356927,22220899,247.97,4.31299216,0
1506356927,22220898,247.97,0.09517713,0
1506356926,22220897,247.97,1.74509534,0
1506356926,22220896,248.13,0.56142899,1
1506356925,22220895,248.14,11.12000000,1
1506356925,22220894,248.14,7.34000000,1
1506356925,22220893,248.31,1.00000000,1
1506356925,22220892,248.40,0.15000000,0
1506356924,22220891,248.47,0.05593677,1
1506356924,22220889,248.60,0.15000000,1
1506356924,22220888,248.60,0.07898898,0
1506356923,22220887,248.80,0.15000000,1
1506356923,22220886,248.93,1.00000000,1
1506356922,22220884,248.95,1.39000000,1
1506356922,22220883,249.00,1.99060800,1
1506356922,22220882,249.00,0.15000000,1
1506356922,22220881,249.00,3.22499746,1
1506356920,22220879,249.01,1.00000000,1
1506356892,22220873,249.00,1.10869731,1
1506356892,22220872,249.00,0.08645000,1
1506356892,22220871,249.00,2.61892769,1
1506356891,22220870,249.05,1.99044500,1
1506356891,22220869,249.07,0.32100000,1
1506356891,22220867,249.20,0.15000000,1
1506356891,22220866,249.21,0.08274000,1
1506356891,22220865,249.22,0.08274000,1
1506356859,22220854,249.58,0.14368138,1
1506356857,22220852,249.39,0.22988505,0
1506356857,22220851,249.39,0.22981375,0
1506356855,22220848,249.59,5.42365479,1
1506356855,22220847,249.40,0.34242447,0
1506356854,22220846,249.39,0.22981375,0
1506356841,22220840,249.40,0.05826553,0
1506356841,22220839,249.40,0.00903584,0
1506356841,22220838,249.04,0.08269863,0
1506356755,22220755,249.40,0.81040416,0
1506356742,22220745,249.40,3.31478000,1
1506356742,22220743,249.36,0.32100000,0
1506356741,22220742,249.35,0.08274000,1
1506356740,22220741,249.35,0.08274000,0
1506356740,22220740,249.00,2.46376939,1
1506356739,22220739,249.00,2.53623061,1
1506356726,22220730,249.00,1.91466246,1
1506356726,22220729,249.01,2.64572300,1
1506356726,22220728,249.11,0.32100000,1
1506356726,22220727,249.16,0.11861454,1
1506356696,22220683,249.40,0.06738000,1
1506356691,22220667,249.40,2.01100000,1
1506356632,22220617,249.40,20.00000000,1
1506356620,22220610,249.40,1.68352041,1
1506356619,22220608,249.40,7.91726000,1
1506356617,22220607,249.44,0.08274000,1
1506356591,22220583,249.84,1.82144420,0
1506356591,22220581,249.79,0.17855580,0
1506356578,22220564,249.16,0.17855580,0
1506356569,22220553,249.87,0.00004947,1
1506356565,22220549,249.87,0.09887417,1
1506356561,22220534,249.91,0.23000000,0
1506356530,22220469,249.99,4.17012681,0
1506356497,22220413,250.00,6.28476000,1
1506356424,22220331,250.00,0.06215231,0
1506356376,22220267,250.00,6.53179853,0
1506356375,22220266,250.33,0.42064474,1
1506356375,22220265,250.40,1.98679200,1
1506356375,22220264,250.40,1.77838932,1
1506356375,22220263,250.44,28.13800000,1
1506356374,22220262,250.47,3.34842139,1
1506356363,22220234,250.70,1.84132685,0
1506356352,22220207,250.48,1.00000000,1
1506356339,22220187,250.40,0.00000011,0
1506356338,22220186,250.40,1.00109900,0
1506356337,22220185,250.40,2.01194089,0
1506356337,22220184,250.51,1.98696000,1
1506356306,22220164,250.50,0.00000028,0
1506356289,22220149,250.50,1.34000000,0
1506356274,22220135,250.50,0.47915300,0
1506356274,22220134,250.49,1.34000000,0
1506356260,22220112,250.53,0.32937404,1
1506356260,22220110,250.62,3.26370246,1
1506356232,22220077,250.70,0.56894853,1
1506356230,22220075,250.70,2.41147597,1
1506356216,22220048,250.74,0.08269865,1
1506356211,22220033,251.00,0.41239044,0
1506356165,22219998,251.01,1.17381778,1
1506356110,22219939,251.03,1.34109364,1
1506356097,22219914,251.11,1.84424883,1
1506356053,22219858,251.29,4.28309921,0
1506355937,22219764,251.02,1.38000000,1
1506355907,22219726,251.03,0.16795531,1
1506355907,22219725,251.30,0.17836869,1
1506355832,22219627,251.35,0.17855580,0
1506355791,22219572,251.30,0.15000000,0
1506355784,22219567,251.30,1.36645443,1
1506355784,22219566,251.21,0.33041322,0
1506355784,22219564,251.20,0.15000000,0
1506355783,22219561,251.10,0.15000000,0
1506355760,22219505,251.00,0.30000000,1
1506355717,22219417,251.00,5.00000000,0
1506355717,22219416,251.00,5.08269708,0
1506355717,22219415,251.00,13.40984006,0
1506355717,22219414,251.00,0.02500000,0
1506355717,22219413,250.97,8.62718089,0
1506355708,22219400,250.97,1.98728932,0
1506355700,22219381,250.50,1.64653000,1
1506355697,22219377,250.97,3.37252979,0
1506355697,22219376,250.96,0.29000000,0
1506355697,22219375,250.96,11.87900000,0
1506355697,22219374,250.90,0.14992503,0
1506355697,22219373,250.89,12.61163905,0
1506355697,22219372,250.87,0.50000000,0
1506355697,22219371,250.80,0.14998927,0
1506355696,22219370,250.62,3.86361823,0
1506355673,22219316,250.62,1.13638177,0
1506355672,22219315,250.60,0.14364736,0
1506355672,22219314,250.48,0.41882287,0
1506355672,22219311,250.43,0.05715900,0
1506355671,22219310,250.41,0.23779635,0
1506355671,22219309,250.40,0.15000000,0
1506355669,22219305,250.37,1.84968765,0
1506355658,22219284,250.20,0.15000000,0
1506355658,22219283,250.20,0.15269281,0
1506355648,22219268,250.11,0.20000000,0
1506355643,22219256,250.00,1.06824538,0
1506355642,22219255,250.00,10.00000000,0
1506355641,22219254,250.00,1.16699100,0
1506355641,22219253,250.00,1.91833300,0
1506355640,22219250,250.00,6.22386800,0
1506355640,22219249,250.00,4.48131600,0
1506355639,22219248,250.00,3.82992900,0
1506355639,22219247,250.00,10.31268800,0
1506355624,22219185,250.00,6.38015033,0
1506355624,22219184,249.99,3.61984967,0
1506355622,22219175,249.99,1.64696582,0
1506355619,22219161,249.99,5.50515285,0
1506355618,22219159,249.99,8.20779700,0
1506355616,22219144,249.99,1.00000000,0
1506355602,22219109,249.99,0.13844554,0
1506355587,22219058,249.99,8.04752190,0
1506355567,22218968,249.99,1.74376500,0
1506355554,22218948,249.92,1.78897585,1
1506355549,22218942,249.92,1.04378182,1
1506355548,22218941,249.99,1.34109364,0
1506355548,22218939,249.92,0.51774639,1
1506355547,22218936,249.91,2.04000000,1
1506355547,22218935,249.91,1.96607800,1
1506355543,22218925,249.91,2.04392200,1
1506355541,22218917,249.94,7.95607800,1
1506355536,22218908,249.99,3.84011360,0
1506355524,22218893,249.99,4.01000000,0
1506355507,22218832,249.99,0.40069000,0
1506355506,22218826,249.99,0.79807192,0
1506355497,22218798,249.57,1.00687235,1
1506355496,22218797,249.80,1.84968765,1
1506355496,22218796,249.81,4.01000000,1
1506355451,22218774,249.90,11.73038686,0
1506355451,22218773,249.90,1.34722012,0
1506355451,22218772,249.86,9.29300580,0
1506355406,22218746,249.98,0.89382913,1
1506355406,22218745,249.92,0.94069087,0
1506355405,22218744,249.87,0.08274000,1
1506355404,22218743,249.87,0.08274000,0
1506355358,22218699,249.56,5.90806700,1
1506355348,22218694,249.58,13.28093300,1
1506355286,22218641,249.53,0.74475660,1
1506355286,22218640,249.54,0.94069087,1
1506355286,22218639,249.55,0.08274000,1
1506355280,22218635,249.53,3.01440583,1
1506355280,22218634,249.53,2.57579515,1
1506355280,22218633,249.53,0.76871842,1
1506355279,22218632,249.53,0.00208847,1
1506355279,22218631,249.59,4.53701915,1
1506355279,22218630,249.60,0.08274000,1
1506355274,22218622,249.59,0.15859685,1
1506355273,22218621,249.70,3.62420141,1
1506355273,22218620,249.70,0.07360721,1
1506355260,22218601,249.95,0.44168833,1
1506355258,22218600,249.89,0.93935267,0
1506355257,22218599,249.70,0.13190703,0
1506355240,22218589,249.70,5.00000000,0
1506355228,22218549,249.59,0.30438400,1
1506355198,22218508,249.68,5.38220600,1
1506355197,22218506,249.68,1.61623200,0
1506355122,22218379,249.36,0.25000000,1
1506355118,22218372,249.67,0.52000000,0
1506355116,22218370,249.50,5.00000000,1
1506355115,22218368,249.51,0.43316901,1
1506355115,22218367,249.68,0.79439686,1
1506355108,22218360,249.68,0.41000000,1
1506355095,22218348,249.68,0.48000000,1
1506355082,22218337,249.68,0.57000000,1
1506355069,22218315,249.68,0.68000000,1
1506355055,22218309,249.68,0.81000000,1
1506355046,22218296,249.68,1.17659000,1
1506355042,22218294,249.68,0.96000000,1
1506355034,22218284,249.66,1.14000000,0
1506355011,22218250,249.62,1.39000000,1
1506354963,22218214,249.62,3.00000000,0
1506354963,22218213,249.55,0.31940000,0
1506354947,22218196,249.57,0.60052955,0
1506354942,22218187,249.60,0.08361378,0
1506354940,22218185,249.52,0.08274000,1
1506354940,22218184,249.52,0.43326449,0
1506354877,22218112,249.41,0.95721903,0
1506354875,22218111,249.33,0.04263106,0
1506354827,22218077,249.33,0.04010894,0
1506354818,22218071,249.25,7.00000000,1
1506354788,22218041,249.25,0.32784564,1
1506354749,22217987,249.64,0.93935267,1
1506354749,22217986,249.67,4.49904140,1
1506354749,22217985,249.70,10.68751815,1
1506354748,22217982,249.70,1.23083000,1
1506354744,22217969,249.70,5.52334013,1
1506354743,22217964,249.70,1.22592333,1
1506354742,22217958,249.70,1.56117117,1
1506354725,22217927,249.70,1.84339669,1
1506354708,22217912,249.70,3.69060000,1
1506354708,22217911,249.71,0.31940000,1
1506354679,22217887,249.70,1.60465981,1
1506354676,22217881,249.70,5.51982317,1
1506354674,22217875,249.70,0.42390600,1
1506354673,22217866,249.99,13.82807312,0
1506354673,22217862,249.94,3.50673665,1
1506354672,22217859,249.94,5.51176482,1
1506354672,22217853,249.94,10.67931024,1
1506354671,22217850,249.94,1.98934000,0
1506354670,22217848,249.70,3.50675300,1
1506354670,22217844,249.71,0.08274000,1
1506354648,22217820,249.68,2.82215601,0
1506354638,22217787,249.67,3.11000000,1
1506354625,22217771,249.68,0.99875841,0
1506354620,22217759,249.67,0.37435900,1
1506354615,22217758,249.68,2.24104925,0
1506354599,22217743,249.73,0.08274000,1
1506354532,22217607,249.68,2.95061067,1
1506354525,22217579,250.20,24.36410871,1
1506354524,22217578,250.11,0.50855932,0
1506354524,22217576,250.10,0.42906284,0
1506354524,22217574,250.10,4.50096676,0
1506354523,22217572,250.05,0.40000000,0
1506354523,22217570,250.02,0.50830514,0
1506354521,22217565,249.99,1.98976800,0
1506354509,22217526,249.99,1.50000000,0
1506354477,22217465,249.95,0.93840157,0
1506354460,22217451,249.40,0.65938948,1
1506354439,22217427,250.02,2.54723622,1
1506354439,22217425,250.00,0.15000000,0
1506354438,22217424,249.96,0.10854162,0
1506354438,22217423,249.78,0.02121000,0
1506354437,22217422,249.73,0.08274000,1
1506354436,22217421,249.73,0.08274000,0
1506354420,22217395,249.41,0.90000000,1
1506354378,22217336,249.36,7.90461301,1
1506354378,22217334,249.37,0.08274000,1
1506354372,22217313,249.36,1.21978327,1
1506354372,22217312,249.36,4.21581797,1
1506354372,22217311,249.39,0.08274000,1
1506354366,22217298,249.36,2.21451327,1
1506354353,22217259,249.94,3.99000000,0
1506354351,22217252,249.77,4.01000000,0
1506354318,22217223,249.28,0.02121000,1
1506354303,22217175,249.28,0.62478500,1
1506354299,22217159,249.96,1.02027040,1
1506354298,22217158,249.96,1.17636353,1
1506354298,22217156,249.96,0.33205929,0
1506354298,22217155,249.96,0.33205929,0
1506354298,22217154,249.90,1.99051900,0
1506354298,22217152,249.89,0.27119929,0
1506354297,22217151,249.89,0.39590096,0
1506354297,22217150,249.86,2.38000000,0
1506354297,22217149,249.83,4.01000000,0
1506354297,22217148,249.82,9.41588012,0
1506354273,22217115,249.89,0.03814778,1
1506354272,22217114,249.89,4.01000000,1
1506354272,22217113,249.89,0.38534223,1
1506354267,22217102,249.89,0.23452731,1
1506354265,22217099,249.89,0.39566029,1
1506354263,22217094,249.89,0.31387431,1
1506354261,22217091,249.89,0.05318230,1
1506354259,22217080,249.89,0.08272761,1
1506354258,22217075,249.89,0.63124184,1
1506354254,22217061,249.89,0.46596241,1
1506354253,22217056,249.80,0.15000000,0
1506354253,22217055,249.62,1.99181200,0
1506354252,22217054,249.50,0.11858635,0
1506354252,22217053,249.42,0.32070000,0
1506354252,22217052,249.40,1.85819000,0
1506354252,22217051,249.39,0.39651157,0
