date,tid,price,amount,type
1506384048,22239397,294.45,3.05651511,1
1506383676,22239314,294.97,4.84000000,0
1506383676,22239313,294.94,0.08632775,0
1506383676,22239312,294.80,0.46000000,0
1506383668,22239309,294.47,0.08632775,0
1506383665,22239308,294.46,1.85300834,0
1506383510,22239286,294.46,0.74026317,0
1506383510,22239285,294.45,0.00000500,0
1506383389,22239260,294.45,0.15399500,0
1506383359,22239256,294.45,0.07600000,0
1506383334,22239251,294.46,0.46300000,0
1506383334,22239250,294.45,0.23000000,0
1506383146,22239182,294.40,0.27107700,0
1506382974,22239165,293.93,6.27415956,1
1506382762,22239067,293.87,0.23000000,0
1506382726,22239051,294.09,3.42053707,0
1506382724,22239050,294.10,0.27100000,1
1506382662,22239038,293.82,0.19703635,1
1506382660,22239037,293.83,0.23000000,1
1506382659,22239036,293.82,2.78320849,1
1506382650,22239035,293.84,4.46776727,1
1506382650,22239034,294.11,0.09900000,0
1506382650,22239033,294.14,0.27100000,1
1506382648,22239032,293.84,0.37223273,1
1506382648,22239031,293.88,0.08632775,1
1506382637,22239028,294.36,1.19924051,1
1506382636,22239027,294.36,1.85703100,1
1506382552,22239009,293.88,2.37334172,1
1506382552,22239008,294.40,0.27100000,1
1506382535,22239003,294.38,1.76336708,1
1506382372,22238968,295.00,0.20105100,1
1506382360,22238962,295.00,0.29894900,1
1506381999,22238895,295.23,0.00000017,1
1506381875,22238885,295.24,2.32514051,1
1506381874,22238883,295.24,0.04012165,0
1506381770,22238853,295.23,1.14564900,1
1506381760,22238851,295.23,0.29799500,1
1506381735,22238845,295.24,4.79987835,0
1506381735,22238844,295.24,0.08593246,0
1506381730,22238843,295.23,3.04723761,1
1506381673,22238829,295.01,0.42856031,0
1506381665,22238828,294.70,1.38834875,0
1506381662,22238827,294.70,33.79253500,0
1506381662,22238826,294.48,0.07055100,0
1506381621,22238821,294.28,0.07055100,0
1506381614,22238814,294.15,15.50911822,0
1506381613,22238810,294.15,0.43950078,0
1506381612,22238809,294.15,6.39949004,0
1506381609,22238806,294.15,5.18312100,0
1506381607,22238802,294.15,2.30844300,0
1506381606,22238795,294.15,10.63283500,0
1506381602,22238793,294.15,41.13164000,0
1506381596,22238788,294.15,7.00332900,0
1506381596,22238787,294.15,6.35030200,0
1506381595,22238786,294.15,6.35030200,0
1506381579,22238777,294.15,6.53360200,0
1506381575,22238773,294.15,13.53391510,0
1506381573,22238770,294.15,0.48000000,0
1506381569,22238763,294.15,16.89541669,0
1506381568,22238761,294.15,1.97430000,0
1506381566,22238760,294.15,4.84000000,0
1506381557,22238750,294.15,0.16774200,0
1506381555,22238749,294.15,17.93262001,0
1506381554,22238748,294.15,0.45223500,0
1506381552,22238747,294.15,9.96436900,0
1506381545,22238745,294.15,2.14593776,0
1506381545,22238744,294.14,2.94913469,0
1506381545,22238743,294.13,6.75000000,0
1506381535,22238731,294.14,0.50884200,0
1506381524,22238727,294.14,0.50875800,0
1506381516,22238721,294.15,1.87372805,0
1506381511,22238718,294.15,5.00000000,0
1506381510,22238715,294.15,3.38340300,0
1506381510,22238714,294.15,5.00000000,0
1506381505,22238704,294.15,1.13028331,0
1506381485,22238690,294.15,0.05538600,0
1506381471,22238685,294.15,1.68000000,0
1506381439,22238680,294.15,0.85000000,0
1506381432,22238678,294.15,2.24848300,0
1506381432,22238677,294.15,0.68000000,0
1506381427,22238676,294.15,33.13071700,0
1506381427,22238675,294.14,1.62000000,0
1506381427,22238674,294.14,5.13000000,0
1506381408,22238668,294.14,1.62000000,0
1506381389,22238667,294.15,16.56979758,0
1506381389,22238666,294.14,5.99000000,0
1506381389,22238665,294.14,0.57873442,0
1506381358,22238663,294.14,0.18869047,0
1506381350,22238661,294.14,5.98257511,1
1506381349,22238660,294.14,6.75000000,1
1506381339,22238657,294.15,2.16998346,0
1506381338,22238656,294.15,14.97744143,0
1506381336,22238653,294.14,0.12000000,0
1506381335,22238651,294.15,0.05603963,0
1506381327,22238647,294.15,6.51102800,0
1506381326,22238646,294.14,0.14000000,0
1506381317,22238640,294.10,5.13219716,0
1506381314,22238637,294.10,53.34879300,0
1506381305,22238633,294.10,0.15779540,0
1506381301,22238630,294.10,0.05743171,0
1506381301,22238629,294.10,6.64740912,0
1506381199,22238609,294.10,32.25000000,0
1506381172,22238595,294.10,0.13566814,0
1506381156,22238588,294.09,0.49477772,1
1506381139,22238584,294.09,2.64948995,1
1506381127,22238579,294.10,1.69095557,0
1506381118,22238578,294.10,6.46555143,0
1506381118,22238577,294.10,0.88479734,0
1506381117,22238576,294.09,2.28963785,1
1506381116,22238575,294.10,6.52328127,0
1506381116,22238574,294.10,2.08688535,0
1506381115,22238573,294.10,0.02005115,0
1506381114,22238572,294.10,0.17322923,0
1506381111,22238571,294.10,59.96827609,0
1506381108,22238570,294.09,0.07055100,1
1506381108,22238569,294.09,0.07055110,1
1506381106,22238568,293.73,0.00050037,1
1506381106,22238567,293.73,0.06249163,1
1506381099,22238566,294.10,0.02024855,0
1506381097,22238565,294.08,0.07307070,0
1506381097,22238564,293.88,0.05069626,0
1506381096,22238563,294.09,0.02237474,1
1506381094,22238556,293.73,0.06299220,1
1506381094,22238554,293.90,0.08288534,1
1506381088,22238549,294.10,1.02244400,0
1506381086,22238548,294.10,1.43928500,0
1506381086,22238547,294.09,0.24000000,0
1506381084,22238546,294.10,38.00512446,0
1506381084,22238545,294.09,0.24000000,0
1506381084,22238544,294.08,0.07559040,0
1506381084,22238543,294.03,20.00000014,0
1506381083,22238542,294.03,16.25202000,0
1506381082,22238541,294.03,3.26484100,0
1506381062,22238533,294.03,20.00000000,0
1506381061,22238532,294.03,1.78930800,0
1506381057,22238531,294.03,8.50442000,0
1506381057,22238530,294.03,0.10825763,0
1506381052,22238529,294.03,4.64780000,0
1506381051,22238528,294.03,0.10488820,0
1506381045,22238526,294.03,0.12350000,0
1506381030,22238515,294.03,3.98475184,0
1506381015,22238511,294.03,15.68115365,0
1506381005,22238506,294.02,1.84941977,1
1506380955,22238490,294.03,17.50000000,0
1506380926,22238486,294.03,1.59786239,0
1506380907,22238481,294.03,9.32509900,0
1506380895,22238477,294.03,1.49187768,0
1506380882,22238452,294.03,20.00000000,0
1506380860,22238445,294.03,0.10927114,0
1506380852,22238439,294.03,0.42703635,0
1506380763,22238430,294.03,2.52000000,0
1506380734,22238423,294.03,14.53707500,0
1506380733,22238421,294.03,19.51000000,0
1506380731,22238419,294.03,2.32000000,0
1506380728,22238418,294.02,0.29000000,1
1506380719,22238413,294.03,23.30000000,0
1506380716,22238410,294.03,0.01582260,0
1506380716,22238409,294.02,0.34000000,0
1506380715,22238407,294.03,0.09087647,0
1506380706,22238404,294.03,0.10000000,0
1506380706,22238403,294.03,1.15873705,0
1506380705,22238399,294.03,8.63201129,0
1506380705,22238398,294.02,0.40000000,0
1506380701,22238395,294.00,0.50000000,0
1506380701,22238394,294.00,2.83286069,0
1506380699,22238390,294.00,5.93524800,0
1506380699,22238389,294.00,4.84000000,0
1506380698,22238388,294.00,28.74408100,0
1506380695,22238386,294.00,0.35434800,0
1506380684,22238376,294.00,1.59864300,0
1506380683,22238375,294.00,6.21987000,0
1506380681,22238371,294.00,2.36318300,0
1506380681,22238370,294.00,3.57206475,0
1506380681,22238369,293.80,0.00000025,0
1506380670,22238362,293.80,2.03702900,0
1506380669,22238361,293.80,2.80297075,0
1506380669,22238360,293.80,0.69702925,0
1506380644,22238345,293.80,1.93198105,0
1506380641,22238340,293.80,0.33097800,0
1506380626,22238332,293.80,1.40202900,0
1506380623,22238329,293.80,0.47798270,0
1506380623,22238328,293.80,4.84000000,0
1506380623,22238327,293.80,5.34297130,0
1506380600,22238316,293.80,0.15702870,1
1506380571,22238303,294.00,1.95451800,0
1506380509,22238289,294.00,3.84728500,0
1506380465,22238274,294.00,13.31854331,0
1506380465,22238273,293.90,0.68145669,0
1506380460,22238269,293.93,0.06299200,1
1506380460,22238268,293.93,0.06299200,1
1506380460,22238267,293.94,0.00000322,1
1506380460,22238266,293.96,5.50000000,1
1506380415,22238252,294.00,1.00000000,0
1506380412,22238249,294.00,2.43897959,0
1506380405,22238243,294.00,1.80400000,0
1506380404,22238242,294.00,43.42081000,0
1506380402,22238234,294.00,9.89209000,0
1506380387,22238223,294.00,1.85300000,0
1506380386,22238221,294.00,0.12350000,0
1506380385,22238220,294.00,0.02685600,0
1506380382,22238218,294.00,0.39204300,0
1506380381,22238216,294.00,0.14500000,0
1506380379,22238214,294.00,20.00000000,0
1506380375,22238210,294.00,4.52000000,0
1506380375,22238209,293.99,0.48000000,0
1506380338,22238189,294.00,0.49875000,0
1506380326,22238181,293.98,5.64800000,0
1506380311,22238172,294.00,12.83429395,0
1506380308,22238164,294.00,10.27836200,0
1506380308,22238163,293.99,0.21000000,0
1506380304,22238157,294.00,6.30744391,0
1506380300,22238156,294.00,12.60372900,0
1506380299,22238155,294.00,3.41673469,0
1506380299,22238154,294.00,2.66327000,0
1506380298,22238153,293.99,7.39627100,0
1506380292,22238150,293.99,0.25000000,1
1506380292,22238149,294.00,0.96257600,0
1506380281,22238143,294.00,4.74028214,0
1506380279,22238142,293.99,0.30000000,1
1506380275,22238141,294.00,29.65763497,0
1506380275,22238140,293.99,0.08000000,0
1506380266,22238129,294.02,4.84000000,1
1506380263,22238126,294.03,27.53258000,0
1506380261,22238125,294.03,0.31296600,0
1506380260,22238124,294.03,0.96321600,0
1506380259,22238121,294.03,0.69501900,0
1506380258,22238120,294.03,2.19910400,0
1506380258,22238119,294.03,1.20050557,1
1506380255,22238117,294.10,2.83273800,0
1506380253,22238114,294.10,10.15101100,0
1506380253,22238113,294.09,0.36000000,0
1506380252,22238109,294.10,8.23307800,0
1506380250,22238105,294.10,12.46742000,0
1506380241,22238100,294.10,0.02396400,0
1506380240,22238099,294.09,0.42000000,0
1506380239,22238083,294.10,0.26236503,0
1506380238,22238078,294.03,0.18553509,1
1506380232,22238075,294.15,6.16889600,0
1506380231,22238074,294.15,11.81906300,0
1506380230,22238073,294.15,0.41869794,0
1506380229,22238069,294.15,4.69516200,0
1506380228,22238067,294.14,0.50000000,0
1506380227,22238062,294.15,2.01991000,0
1506380226,22238061,294.15,3.33376200,0
1506380223,22238057,294.00,0.27148686,0
1506380222,22238056,294.00,4.74028800,0
1506380219,22238049,294.00,0.41891156,0
1506380217,22238044,294.00,12.93295400,0
1506380212,22238038,294.00,0.26522700,0
1506380209,22238036,294.00,1.40646258,0
1506380203,22238032,294.00,9.74381000,0
1506380199,22238031,294.00,20.03533000,0
1506380195,22238028,294.00,0.18553000,1
1506380187,22238024,294.01,1.00000000,1
1506380163,22238010,294.00,0.18553509,0
1506380155,22238002,294.00,12.23248700,0
1506380154,22238000,294.00,3.04721200,0
1506380154,22237999,294.00,6.02683673,0
1506380153,22237994,294.00,2.80792517,0
1506380152,22237992,294.00,6.02367346,0
1506380150,22237985,294.00,3.82752400,0
1506380149,22237984,294.00,2.38484800,0
1506380142,22237971,294.00,6.17768707,0
1506380135,22237957,294.00,2.81334511,0
1506380133,22237954,294.00,16.40349500,0
1506380133,22237953,294.00,1.68768700,0
1506380132,22237952,294.00,12.23248700,0
1506380132,22237951,294.00,10.26072993,0
1506380130,22237945,294.00,7.93964532,0
1506380130,22237943,294.00,0.09510080,0
1506380129,22237941,294.00,8.78896800,0
1506380129,22237939,294.00,27.09155409,0
1506380128,22237936,294.00,0.84501300,0
1506380118,22237916,294.00,22.28633600,0
1506380118,22237915,294.00,13.32672900,0
1506380118,22237914,294.00,4.30676300,0
1506380117,22237910,294.00,7.07247264,0
1506380115,22237904,294.00,3.73414965,0
1506380114,22237901,294.00,9.96428571,0
1506380112,22237890,294.00,13.69527678,0
1506380109,22237889,294.00,0.19709790,0
1506380109,22237888,294.00,2.37380700,0
1506380109,22237887,294.00,1.61619300,0
1506380108,22237886,294.00,4.84000000,0
1506380108,22237885,294.00,6.39000000,0
1506380108,22237884,294.00,13.64630496,0
1506380108,22237882,294.00,8.80000000,1
1506380107,22237881,294.15,4.84000000,1
1506380107,22237880,294.18,2.03883059,1
1506380105,22237875,294.70,14.86148076,0
1506380104,22237873,294.70,47.21763549,0
1506380103,22237871,294.50,6.30101772,0
1506380103,22237869,294.27,1.01290879,0
1506380097,22237863,294.27,0.18992761,0
1506380094,22237861,294.27,0.18055800,0
1506380093,22237857,294.27,6.18960800,0
1506380093,22237855,294.27,36.12311200,0
1506380093,22237852,294.27,13.73189500,0
1506380080,22237841,294.27,2.95700000,0
1506380077,22237836,294.27,13.87488160,0
1506380075,22237835,294.27,3.99000000,0
1506380075,22237834,294.27,14.61043700,0
1506380075,22237833,294.27,7.13967200,0
1506380064,22237830,294.70,2.74000000,0
1506380044,22237823,294.90,3.73556509,0
1506380044,22237822,294.88,0.06299200,0
1506380043,22237819,294.85,2.03493302,0
1506380043,22237816,294.84,10.83375389,0
1506379985,22237799,294.68,2.81255107,1
1506379984,22237797,294.68,0.00050037,0
1506379984,22237794,294.68,0.06249163,0
1506379984,22237793,294.48,0.06299200,0
1506379984,22237791,294.28,0.06299200,0
1506379910,22237768,294.27,0.27091723,0
1506379901,22237765,294.10,4.60922554,1
1506379900,22237764,294.13,0.06299200,1
1506379900,22237763,294.13,0.06299200,1
1506379900,22237759,294.20,2.25494928,1
1506379899,22237748,294.60,5.00984118,0
1506379897,22237746,294.20,7.81505072,1
1506379897,22237745,294.33,0.06299200,1
1506379897,22237743,294.33,0.06299200,1
1506379897,22237742,294.40,5.06370000,1
1506379896,22237741,294.53,0.06299200,1
1506379896,22237740,294.60,0.27100000,1
1506379896,22237739,294.60,4.81468386,1
1506379896,22237738,294.61,8.65700000,1
1506379896,22237737,294.65,0.08593246,1
1506379896,22237736,294.67,3.10365696,1
1506379838,22237721,295.26,0.13000000,0
1506379826,22237717,294.66,10.67264800,1
1506379717,22237683,295.30,3.48670542,0
1506379717,22237681,295.27,2.67955617,0
1506379717,22237678,295.30,0.04010901,0
1506379716,22237677,295.28,0.06299200,0
1506379716,22237676,295.08,0.06299200,0
1506379625,22237656,294.65,2.67955617,0
1506379625,22237654,294.73,0.06299200,1
1506379625,22237653,294.74,4.84000000,1
1506379625,22237652,294.93,0.06299200,1
1506379625,22237651,295.01,1.82499542,1
1506379624,22237650,295.02,9.52946441,1
1506379536,22237586,295.30,0.50000000,0
1506379533,22237585,295.70,1.00000000,1
1506378989,22237425,295.68,11.49020878,0
1506378974,22237414,295.68,5.50994318,0
1506378966,22237407,295.68,20.00000000,0
1506378939,22237397,295.68,0.13025500,0
1506378909,22237370,295.68,59.77999987,0
1506378909,22237369,295.67,0.22000000,0
1506378908,22237367,295.59,0.00000013,0
1506378905,22237365,295.59,2.18552464,0
1506378905,22237364,295.58,3.94538740,0
1506378904,22237363,295.57,12.82599196,0
1506378883,22237355,295.58,0.82031300,0
1506378846,22237344,295.68,3.08959317,0
1506378846,22237343,295.67,0.31000000,0
1506378845,22237342,295.50,0.10040678,0
1506378845,22237341,295.31,0.10000000,0
1506378845,22237340,295.27,0.10000000,0
1506378845,22237339,295.24,0.10000000,0
1506378845,22237338,295.22,0.10000000,0
1506378845,22237337,295.20,0.10000000,0
1506378845,22237336,295.18,0.00000005,0
1506378841,22237334,295.18,7.25868800,0
1506378839,22237333,295.18,3.62131195,1
1506378758,22237312,295.16,2.18544760,0
1506378747,22237311,295.16,0.38856600,0
1506378736,22237308,295.16,0.12000000,0
1506378705,22237291,295.16,0.24059900,0
1506378698,22237286,295.16,3.94538740,0
1506378687,22237283,295.16,4.00000000,0
1506378648,22237266,295.13,0.08300678,0
1506378470,22237218,295.49,0.29696436,0
1506378458,22237210,294.99,0.20959322,1
1506378456,22237208,295.00,0.10040678,1
1506378456,22237207,295.00,9.92298206,1
1506378455,22237206,295.80,3.06556539,1
1506378445,22237203,295.80,0.12000000,1
1506378434,22237193,295.80,0.10000000,1
1506378434,22237188,295.80,0.45000000,1
1506378406,22237176,295.95,0.10000000,1
1506378334,22237133,295.96,2.70834302,0
1506378333,22237132,295.96,10.78000000,0
1506378257,22237100,295.96,0.10000000,0
1506378256,22237099,295.95,0.10000000,0
1506378226,22237094,296.00,1.07912552,0
1506378226,22237093,295.99,0.52000000,0
1506378217,22237092,296.00,8.37435407,0
1506378216,22237091,296.00,0.43556225,0
1506378216,22237090,295.99,0.61000000,0
1506378216,22237089,295.98,3.84243892,0
1506378135,22237077,295.39,7.04975692,1
1506378111,22237058,295.99,5.68290449,1
1506378110,22237057,295.99,2.02709551,0
1506378110,22237056,295.99,0.73000000,0
1506378066,22236996,295.46,1.68105626,1
1506378030,22236989,295.47,2.32262657,1
1506378030,22236988,295.47,0.04000000,1
1506378005,22236982,296.00,1.04000000,0
1506378004,22236981,296.00,0.14111486,0
1506378002,22236980,295.99,0.87000000,0
1506377998,22236977,295.68,3.93856978,1
1506377944,22236938,295.99,0.42654701,0
1506377944,22236937,295.88,0.06299200,0
1506377922,22236922,295.84,12.48397400,0
1506377868,22236903,295.68,0.23000000,1
1506377866,22236902,295.68,0.06299200,0
1506377865,22236901,295.67,0.33000000,0
1506377861,22236893,295.48,0.06299200,0
1506377859,22236891,295.47,5.07000000,1
1506377856,22236890,295.47,5.36000000,0
1506377854,22236886,295.40,0.03000000,0
1506377850,22236885,295.36,0.10045445,0
1506377847,22236884,295.28,0.06299200,0
1506377842,22236881,295.10,0.03000000,0
1506377838,22236879,295.08,0.06299200,0
1506377835,22236878,294.88,0.06299200,0
1506377831,22236877,294.85,0.03000000,0
1506377819,22236869,294.42,0.42654701,1
1506377806,22236853,294.73,0.27000000,0
1506377803,22236848,294.73,0.26675400,0
1506377796,22236842,294.73,3.03552800,0
1506377796,22236841,294.72,0.27000000,0
1506377790,22236836,294.73,1.22779600,0
1506377789,22236834,294.73,0.69991696,1
1506377788,22236832,294.73,1.43507902,0
1506377786,22236831,294.73,3.30139911,0
1506377785,22236830,294.73,0.27000000,0
1506377784,22236829,294.73,0.49352187,1
1506377783,22236828,294.73,5.09647813,0
1506377780,22236825,294.73,0.40352187,0
1506377772,22236821,294.72,1.68425682,1
1506377771,22236818,294.68,0.06299220,0
1506377771,22236817,294.65,0.03000000,0
1506377770,22236815,294.50,0.03000000,0
1506377769,22236811,294.41,0.00007675,0
1506377768,22236807,294.41,4.40226904,0
1506377767,22236806,294.41,1.45239600,0
1506377763,22236800,294.41,1.45224100,0
1506377729,22236783,294.40,0.27000000,1
1506377724,22236781,294.40,0.27010000,1
1506377716,22236776,294.41,0.23000000,1
1506377716,22236775,294.41,6.66683500,1
1506377716,22236774,294.42,0.27010000,1
1506377708,22236769,294.40,0.00100000,1
1506377706,22236768,294.41,1.75000000,0
1506377703,22236765,294.41,1.68667539,0
1506377700,22236759,294.41,2.96557237,0
1506377700,22236754,294.41,1.21758018,0
1506377699,22236752,294.41,9.34737539,0
1506377698,22236748,294.41,1.21744723,0
1506377696,22236745,294.41,12.81397433,1
1506377690,22236743,294.44,4.26613592,1
1506377690,22236742,294.57,0.05399340,1
1506377690,22236741,294.81,0.08998860,1
1506377689,22236740,294.83,0.18988208,1
1506377652,22236726,294.83,0.09000000,1
1506377650,22236724,294.85,0.01000000,1
1506377649,22236723,294.85,1.92000000,1
1506377648,22236722,294.86,0.10045445,0
1506377646,22236721,294.86,0.27100000,0
1506377646,22236720,295.01,6.75000000,1
1506377646,22236719,295.01,0.08998860,1
1506377646,22236718,295.21,0.08998860,1
1506377646,22236717,295.32,0.04000000,1
1506377643,22236714,295.41,0.00000237,1
1506377643,22236713,295.41,0.08998623,1
1506377616,22236682,295.56,2.04750643,1
1506377613,22236681,295.56,4.84000000,1
1506377610,22236676,295.56,3.80779000,1
1506377596,22236668,295.56,1.67702121,1
1506377591,22236667,295.81,11.82199734,0
1506377591,22236666,295.79,3.03948342,0
1506377572,22236640,295.56,2.00228800,1
1506377561,22236633,295.86,7.02629622,1
1506377559,22236632,295.68,0.05399340,0
1506377554,22236626,295.56,5.62539436,1
1506377538,22236621,295.57,10.06577964,0
1506377531,22236616,295.57,4.84000000,1
1506377528,22236614,295.58,3.51000000,0
1506377527,22236611,295.57,2.59707471,1
1506377527,22236610,295.57,0.90888293,1
1506377526,22236609,295.57,1.00284295,1
1506377525,22236608,295.57,0.91827412,1
1506377525,22236607,295.57,3.92172588,1
1506377515,22236603,295.57,2.82827412,1
1506377515,22236602,295.61,0.08998860,1
1506377510,22236595,295.62,3.50595764,0
1506377509,22236594,295.62,0.43261214,0
1506377507,22236590,295.62,0.52293484,0
1506377486,22236580,295.62,2.06000000,0
1506377480,22236571,295.62,1.68425682,0
1506377471,22236567,295.62,0.10019620,0
1506377470,22236566,295.62,0.04000000,1
1506377468,22236565,295.81,0.08998860,1
1506377468,22236564,295.87,0.04000000,1
1506377468,22236563,296.01,0.08998860,1
1506377468,22236562,296.07,0.04000000,1
1506377467,22236561,296.17,1.05456326,1
1506377466,22236558,296.22,0.12330861,1
1506377465,22236557,296.22,1.43000000,1
1506377465,22236555,296.22,0.04000000,1
1506377463,22236544,296.22,1.38000000,1
1506377460,22236542,296.22,1.42447032,1
1506377459,22236541,296.22,2.02552968,1
1506377433,22236523,296.74,0.16914706,0
1506377422,22236516,296.19,1.79276239,0
1506377419,22236515,296.19,3.04723761,1
1506377416,22236514,296.77,2.03952597,0
1506377416,22236513,296.76,2.02183583,0
1506377386,22236493,296.77,0.40651352,0
1506377386,22236492,296.72,0.03000000,0
1506377386,22236491,296.69,0.03000000,0
1506377386,22236490,296.68,0.08998860,0
1506377345,22236468,296.66,2.81926891,0
1506377344,22236467,296.66,1.70176200,0
1506377263,22236434,296.66,0.31896909,0
1506377263,22236433,296.63,0.03000000,0
1506377263,22236432,296.58,0.03000000,0
1506377263,22236431,296.57,0.03000000,0
1506377263,22236430,296.53,0.05439891,0
1506377205,22236386,296.53,2.94560109,0
1506377205,22236385,296.52,0.05439891,0
1506377200,22236375,296.10,0.05439891,1
1506376969,22236148,296.54,1.02090132,0
1506376969,22236147,296.50,0.43615968,0
1506376969,22236146,296.49,3.25000000,0
1506376968,22236145,296.40,0.56909900,0
1506376968,22236144,296.40,1.43090100,0
1506376959,22236135,296.01,3.25000000,1
1506376951,22236123,296.50,0.47610663,0
1506376949,22236122,296.50,2.84851100,0
1506376949,22236121,296.49,10.37000000,0
1506376932,22236106,296.50,0.16611211,0
1506376932,22236105,296.49,1.00030529,0
1506376932,22236104,296.48,0.08998860,0
1506376932,22236099,296.44,0.03000000,0
1506376931,22236096,296.42,0.03000000,0
1506376931,22236094,296.40,5.38771072,0
1506376931,22236093,296.39,0.26980000,0
1506376931,22236092,296.17,0.03000000,0
1506376931,22236091,295.97,0.03000000,0
1506376930,22236090,295.88,0.03000000,1
1506376908,22236058,295.73,4.84000000,1
1506376907,22236057,295.70,2.49000000,1
1506376898,22236045,296.39,2.84460852,0
1506376898,22236044,296.28,0.08998860,0
1506376898,22236043,296.08,0.00000237,0
1506376834,22235996,296.08,0.08998623,0
1506376834,22235994,295.88,0.08998860,0
1506376833,22235993,295.68,0.08998860,0
1506376833,22235992,295.63,0.10036255,0
1506376833,22235991,295.48,0.08998860,0
1506376833,22235989,295.47,0.20925879,0
1506376833,22235988,295.01,0.27000000,0
1506376833,22235987,294.79,0.50610663,0
1506376831,22235977,294.79,1.07646200,0
1506376824,22235964,294.79,1.00030529,0
1506376822,22235958,294.79,1.30000000,0
1506376818,22235955,294.79,0.26980000,0
1506376815,22235943,294.79,0.03392245,0
1506376814,22235940,294.79,1.17571700,0
1506376808,22235918,294.79,31.28271000,0
1506376807,22235914,294.79,0.16695786,0
1506376805,22235910,294.79,1.95485534,0
1506376803,22235905,294.79,3.00000000,0
1506376794,22235875,294.78,0.26980000,0
1506376788,22235854,294.79,1.76591000,0
1506376788,22235853,294.79,2.07627400,0
1506376788,22235852,294.79,1.37400000,0
1506376786,22235844,294.79,44.00259700,0
1506376785,22235841,294.79,2.50800000,0
1506376784,22235839,294.79,0.03372681,0
1506376783,22235837,294.79,0.20925879,0
1506376782,22235831,294.79,0.97272294,0
1506376781,22235830,294.79,7.13197785,0
1506376781,22235829,294.79,0.10036255,0
1506376780,22235827,294.79,4.84000000,0
1506376779,22235825,294.79,0.27000000,0
1506376779,22235824,294.79,0.26980000,0
1506376779,22235823,294.88,0.04000000,1
1506376779,22235822,294.93,0.06299220,1
1506376778,22235821,294.93,0.06299280,1
1506376778,22235820,295.13,0.06299190,1
1506376778,22235819,295.23,1.13000000,1
1506376778,22235818,295.32,2.03197250,1
1506376778,22235817,295.32,2.84460852,1
1506376778,22235816,295.33,61.28100000,1
1506376778,22235814,295.33,0.06299190,1
1506376777,22235813,296.39,0.09898367,1
1506376776,22235808,296.39,0.20064173,1
1506376776,22235805,296.39,0.40115600,0
1506376776,22235803,296.35,0.20000000,0
1506376775,22235799,296.34,0.45273460,0
1506376775,22235798,296.33,0.03000000,0
1506376775,22235797,296.32,0.03000000,0
1506376775,22235795,296.28,0.06299190,0
1506376775,22235794,296.24,0.03000000,0
1506376775,22235793,296.12,0.03000000,0
1506376774,22235792,296.09,0.03000000,0
1506376774,22235791,296.08,0.06299190,0
1506376774,22235790,296.00,1.00000000,0
1506376771,22235789,295.99,1.08896700,0
1506376771,22235788,295.99,1.00000000,0
1506376769,22235786,295.99,0.74884909,0
1506376769,22235785,295.98,0.40915091,0
1506376769,22235784,295.98,1.00000000,0
1506376766,22235780,295.98,1.05400780,0
1506376766,22235779,295.88,0.06299220,0
1506376760,22235773,295.87,2.34336009,1
1506376758,22235766,295.87,4.84000000,1
1506376755,22235761,295.20,19.11568136,0
1506376752,22235757,295.20,10.37000000,0
1506376752,22235756,295.20,14.75672600,0
1506376751,22235754,295.20,2.85990800,0
1506376751,22235751,295.20,4.64965309,0
1506376751,22235750,295.20,4.84000000,0
1506376750,22235749,295.20,14.75672600,0
1506376750,22235748,295.20,1.23902300,0
1506376750,22235747,295.20,13.38132400,0
1506376748,22235744,295.20,5.76000000,0
1506376748,22235743,295.39,4.84000000,1
1506376748,22235742,295.87,3.43095855,1
1506376746,22235738,295.86,0.27000000,0
1506376745,22235737,295.72,2.02922078,1
1506376744,22235736,295.72,0.10033535,1
1506376744,22235735,295.66,2.00000000,0
1506376743,22235734,294.95,3.25057098,1
1506376742,22235733,295.01,0.04000000,1
1506376742,22235732,295.01,0.10033535,0
1506376742,22235731,295.12,0.27000000,0
1506376742,22235730,295.13,0.04000000,1
1506376741,22235729,295.21,0.04000000,1
1506376741,22235728,295.33,0.04000000,1
1506376740,22235727,295.36,0.04000000,1
1506376740,22235726,295.40,1.25000000,1
1506376740,22235725,295.43,0.27931479,1
1506376739,22235723,295.48,0.04000000,1
1506376739,22235722,295.50,0.94145582,1
1506376738,22235721,295.72,3.70095855,0
1506376738,22235720,295.70,12.65273649,0
1506376738,22235719,295.69,13.64630496,0
1506376737,22235718,295.70,10.37000000,0
1506376736,22235717,295.70,15.32298516,0
1506376736,22235715,295.70,5.21890700,0
1506376736,22235713,295.70,12.69938300,0
1506376736,22235712,295.70,10.67704400,0
1506376736,22235711,295.69,10.38000000,0
1506376734,22235709,295.70,0.01700000,1
1506376734,22235708,295.73,0.06299220,1
1506376734,22235707,295.88,6.04750162,1
1506376734,22235706,295.89,10.38000000,1
1506376734,22235705,295.90,1.00000000,1
1506376734,22235704,295.93,2.95481657,1
1506376734,22235703,295.94,12.59663396,1
1506376725,22235700,296.01,0.08364125,0
1506376704,22235688,296.01,2.77743329,0
1506376704,22235687,296.00,0.08364171,0
1506376697,22235684,296.00,1.24728100,0
1506376690,22235680,296.00,0.08364200,0
1506376653,22235658,296.07,1.32083700,0
1506376653,22235656,295.98,0.27224300,0
1506376633,22235604,296.00,1.00000000,0
1506376620,22235596,295.99,0.85928171,1
1506376612,22235591,295.99,3.03760771,0
1506376612,22235590,295.97,0.03000000,0
1506376549,22235559,295.88,0.37902528,1
1506376543,22235557,295.90,1.00000000,1
1506376478,22235530,295.88,0.06299280,1
1506376476,22235529,295.88,4.46672340,1
1506376476,22235528,295.93,0.06299200,1
1506376476,22235527,295.97,0.45273460,1
1506376437,22235519,295.97,0.20000000,1
1506376409,22235513,295.98,2.73540171,1
1506376397,22235507,295.98,0.30220600,1
1506376258,22235429,295.97,0.40115600,1
1506376252,22235423,296.13,0.03000000,0
1506376251,22235417,296.20,0.03000000,1
1506376249,22235414,297.00,0.52062568,0
1506376249,22235413,296.88,0.06299200,0
1506376248,22235412,296.78,0.44000000,0
1506376248,22235411,296.78,0.07980765,1
1506376248,22235410,296.68,0.06299220,0
1506376248,22235408,296.53,4.87007980,0
1506376247,22235407,296.53,0.10058000,1
1506376247,22235405,296.52,1.29000000,0
1506376247,22235404,296.52,1.29000000,0
1506376247,22235400,296.49,0.55481706,0
1506376246,22235399,296.47,4.84000000,0
1506376246,22235397,296.46,0.68000000,0
1506376246,22235396,296.46,1.05212310,0
1506376246,22235395,296.40,1.00000000,0
1506376245,22235394,296.39,3.04210857,0
1506376245,22235393,296.20,0.00000594,0
1506376243,22235392,295.90,0.11386800,0
1506376162,22235361,295.89,0.67461174,0
1506376160,22235358,296.20,0.11386800,0
1506376155,22235357,295.88,0.17571539,1
1506376155,22235356,295.90,0.12792461,1
1506376038,22235298,296.34,0.12680400,0
1506376032,22235292,295.88,0.89304151,1
1506376032,22235291,295.90,0.45572402,1
1506376014,22235273,295.90,2.58526394,1
1506375952,22235207,296.20,2.31610362,0
1506375943,22235202,296.00,1.00000000,0
1506375923,22235183,296.20,2.68389638,0
1506375923,22235182,296.07,1.91607128,0
1506375923,22235181,296.06,0.13023234,0
1506375923,22235180,296.05,0.26980000,0
1506375921,22235178,296.06,0.16424366,0
1506375921,22235177,296.06,2.02162734,0
1506375920,22235176,296.06,2.56183951,0
1506375919,22235175,296.06,1.46754700,0
1506375905,22235159,296.09,0.50000000,0
1506375881,22235129,296.15,0.62000000,0
1506375877,22235126,295.89,1.00205200,1
1506375877,22235125,295.89,0.70595306,1
1506375877,22235124,295.89,1.85588551,1
1506375875,22235119,295.89,1.01000000,1
1506375862,22235105,295.89,0.92610849,0
1506375861,22235104,295.89,1.40189751,0
1506375849,22235093,295.92,0.16997800,1
1506375849,22235090,295.92,1.13000132,1
1506375829,22235068,296.39,2.69266844,0
1506375827,22235066,295.88,42.97500000,1
1506375827,22235065,295.88,5.50000000,0
1506375827,22235064,295.89,0.84000000,1
1506375825,22235061,295.90,0.00001297,1
1506375822,22235057,295.90,0.26978703,1
1506375745,22235002,296.02,0.05212311,1
1506375741,22235001,296.02,1.00000000,1
1506375740,22234998,296.02,1.97473978,1
1506375740,22234996,296.03,1.05212310,1
1506375734,22234973,296.53,0.62992020,0
1506375733,22234972,297.00,20.39500980,0
1506375733,22234971,297.00,3.03208501,0
1506375733,22234970,296.99,10.60799601,0
1506375733,22234968,296.98,0.32000000,0
1506375733,22234967,296.98,5.50000000,1
1506375732,22234965,296.60,18.21876786,0
1506375732,22234964,296.56,0.27988208,0
1506375732,22234963,296.50,1.57990975,0
1506375732,22234962,296.50,1.44918873,0
1506375731,22234961,296.49,0.03000000,0
1506375731,22234959,296.42,5.50000000,0
1506375731,22234958,296.42,5.00000000,0
1506375731,22234956,296.41,1.98000000,0
1506375731,22234954,296.41,0.03000000,0
1506375730,22234952,296.41,1.06444540,1
1506375730,22234950,296.40,1.62000000,0
1506375730,22234949,296.26,0.10014877,0
1506375729,22234948,296.25,1.05135921,0
1506375729,22234947,296.24,1.13148800,0
1506375729,22234946,296.24,0.45000000,0
1506375729,22234945,296.19,0.03000000,0
1506375729,22234944,296.16,0.03000000,0
1506375728,22234943,296.16,0.05000000,0
1506375728,22234942,296.08,0.06323710,0
1506375728,22234941,296.08,0.06574876,0
1506375728,22234940,296.00,0.00000047,0
1506375726,22234939,295.99,0.21073305,0
1506375725,22234937,295.64,1.04967100,0
1506375712,22234922,295.64,1.13148800,1
1506375683,22234872,295.99,2.13741650,0
1506375681,22234869,295.99,0.67668400,0
1506375678,22234859,295.99,3.02483355,1
1506375674,22234853,296.00,0.99999953,0
1506375674,22234852,295.99,3.02491647,0
1506375651,22234803,295.98,0.06323710,0
1506375651,22234802,295.88,0.06323710,0
1506375650,22234801,295.87,1.37206100,0
1506375639,22234784,295.49,0.07618076,1
1506375639,22234782,295.49,0.93058990,1
1506375639,22234781,295.70,1.37206100,1
1506375634,22234774,295.49,0.93135510,1
1506375627,22234762,295.78,0.06323710,0
1506375627,22234760,295.70,2.59072758,0
1506375627,22234759,295.68,0.06323710,0
1506375627,22234758,295.58,0.00802610,0
1506375617,22234744,295.58,0.05521100,0
1506375606,22234740,295.50,1.17380927,1
1506375605,22234739,295.51,0.06323710,1
1506375601,22234731,295.70,1.34000000,0
1506375595,22234718,295.67,1.37905747,1
1506375593,22234713,295.67,1.64585900,1
1506375544,22234641,296.00,0.44068700,0
1506375544,22234640,296.00,1.34184000,0
1506375537,22234632,296.04,1.34164302,0
1506375536,22234630,296.00,1.69140318,0
1506375505,22234610,296.00,0.10000000,0
1506375504,22234609,296.00,15.75489531,0
1506375504,22234608,296.00,10.00000000,0
1506375504,22234607,295.98,0.79660059,0
1506375504,22234606,295.98,0.06323710,0
1506375504,22234605,295.96,0.03000000,0
1506375504,22234604,295.94,0.03000000,0
1506375487,22234595,295.88,0.06323710,0
1506375487,22234593,295.81,0.03000000,0
1506375487,22234591,295.78,0.06323710,0
1506375486,22234588,295.74,0.03000000,0
1506375486,22234587,295.72,0.49560177,0
1506375452,22234566,295.51,0.79660059,1
1506375408,22234553,295.72,0.27007246,0
1506375408,22234552,295.68,0.06323710,0
1506375408,22234551,295.59,0.03000000,0
1506375406,22234545,295.58,0.06323745,0
1506375315,22234501,295.57,0.28218362,0
1506375263,22234482,295.57,0.90000000,0
1506375135,22234387,295.50,0.81268542,1
1506375128,22234384,295.57,0.63237135,0
1506375127,22234380,295.57,0.96474100,0
1506375125,22234378,295.50,1.83032752,0
1506375125,22234377,295.49,1.86195055,0
1506375043,22234261,295.46,0.81285200,0
1506375028,22234246,295.50,1.91129700,0
1506375026,22234242,295.45,7.51709188,0
1506374993,22234204,295.49,1.68843979,0
1506374993,22234203,295.40,0.03232300,0
1506374993,22234202,295.39,1.30786253,0
1506374983,22234200,295.39,1.95429900,0
1506374981,22234199,295.40,0.04897700,0
1506374959,22234183,295.49,1.33703000,0
1506374944,22234164,295.45,1.23228973,0
1506374895,22234146,295.45,0.00000032,1
1506374894,22234142,294.88,0.07910140,0
1506374893,22234141,294.78,0.07910140,0
1506374893,22234140,294.68,0.07910140,0
1506374893,22234139,294.60,0.04427548,0
1506374625,22234042,294.60,8.85900000,0
1506374607,22234041,294.60,0.02622021,0
1506374607,22234040,294.58,0.07910179,0
1506374551,22234026,294.53,0.06328119,1
1506374417,22233974,294.60,4.55991300,0
1506374347,22233957,294.60,0.63572800,0
1506374329,22233930,294.60,0.23482000,0
1506374274,22233920,294.60,0.03853700,0
1506374269,22233919,294.60,3.60150631,1
1506374117,22233873,294.60,0.14011821,1
1506374117,22233872,294.61,0.06328120,1
1506374116,22233870,294.80,0.79660059,1
1506374108,22233866,295.01,1.08067380,0
1506374108,22233865,294.88,0.06328120,0
1506374102,22233864,294.88,1.57160009,0
1506374096,22233863,294.88,0.53311900,0
1506374065,22233853,294.88,7.52587300,0
1506374063,22233851,294.88,2.16800000,0
1506374001,22233832,294.88,0.36404000,0
1506373980,22233811,294.88,3.38307108,0
1506373880,22233774,294.88,0.34716529,0
1506373804,22233733,294.71,0.06328120,1
1506373786,22233715,294.87,2.25369037,0
1506373775,22233699,294.88,42.08712800,0
1506373764,22233685,294.88,3.56818400,0
1506373764,22233684,294.87,1.00000000,0
1506373716,22233657,294.88,1.69000000,0
1506373701,22233653,294.88,0.67794300,0
1506373661,22233588,294.88,0.29876559,0
1506373659,22233587,294.87,0.69876216,0
1506373655,22233583,294.87,0.30000000,0
1506373571,22233553,294.88,14.16148076,0
1506373555,22233539,294.88,0.70000000,0
1506373354,22233471,294.80,0.50000000,1
1506373275,22233435,294.88,0.86530000,0
1506373267,22233433,294.88,4.00000000,0
1506373265,22233432,294.88,1.50000000,0
1506373257,22233428,294.88,1.52338912,0
1506373256,22233427,294.88,0.04995000,0
1506373244,22233422,294.88,6.30540000,0
1506373235,22233418,294.88,0.50000000,0
1506373217,22233416,294.88,0.10000000,0
1506373178,22233397,294.88,0.71245419,0
1506373178,22233395,294.83,1.00000000,0
1506373178,22233394,294.83,0.31085961,0
1506373157,22233381,294.83,0.13250000,0
1506373156,22233380,294.83,0.04157711,0
1506373156,22233379,294.73,0.93671880,0
1506373156,22233378,294.72,0.02690409,0
1506373148,22233377,294.73,0.06328120,1
1506373147,22233376,294.83,0.23518120,0
1506373147,22233375,294.81,1.00000000,0
1506373147,22233374,294.81,0.93671880,0
1506373138,22233370,294.81,0.06328120,1
1506373131,22233369,294.83,0.27988208,1
1506373126,22233367,294.88,16.86250992,0
1506373106,22233351,294.88,0.03255000,0
1506373085,22233336,294.88,16.03040000,0
1506373072,22233334,294.88,4.55600000,0
1506373068,22233332,294.88,18.85390000,0
1506373068,22233331,294.88,5.00610000,0
1506373057,22233328,294.88,0.50000000,0
1506373054,22233327,294.88,11.35544928,0
1506373050,22233323,294.88,4.83000000,0
1506373045,22233317,294.88,8.64104575,0
1506373038,22233316,294.88,30.00000000,0
1506373037,22233315,294.88,10.00000000,0
1506373021,22233313,294.88,0.23769984,0
1506373020,22233312,294.86,0.02690409,1
1506373018,22233311,294.88,8.21000000,0
1506373017,22233310,294.96,5.00000000,1
1506373017,22233309,294.96,2.03340527,1
1506373017,22233308,294.97,13.21807682,1
1506372997,22233266,295.50,2.10000000,0
1506372988,22233263,295.50,11.98903196,0
1506372978,22233258,295.50,0.98146300,0
1506372976,22233257,295.00,0.42822814,1
1506372886,22233211,295.50,2.52382200,0
1506372884,22233209,295.50,3.93072758,0
1506372869,22233201,295.50,1.68467800,0
1506372868,22233200,295.50,0.44214000,0
1506372865,22233194,295.50,0.50390037,0
1506372862,22233189,295.49,4.84000000,1
1506372862,22233188,295.49,0.12927741,1
1506372861,22233187,295.50,0.95447693,0
1506372861,22233186,295.48,2.03059429,0
1506372861,22233185,294.91,3.34012830,0
1506372860,22233184,294.91,0.06328120,1
1506372859,22233182,295.50,4.89531774,0
1506372858,22233180,295.48,13.64630496,0
1506372844,22233172,295.00,3.21626909,0
1506372844,22233169,295.00,0.76567423,1
1506372843,22233167,295.00,6.01805668,1
1506372842,22233166,295.50,0.99850000,0
1506372824,22233162,295.50,90.00000000,0
1506372804,22233153,295.50,0.03384095,0
1506372778,22233107,295.50,1.78145100,0
1506372768,22233103,295.50,15.27502000,0
1506372687,22233055,295.50,2.82294900,0
1506372684,22233050,295.50,0.50000000,1
1506372684,22233049,295.78,3.40340950,1
1506372684,22233048,295.78,14.78552727,1
1506372672,22233034,295.90,14.69724589,0
1506372671,22233033,295.89,0.05921855,0
1506372670,22233031,295.89,0.17078145,0
1506372670,22233030,295.88,0.05914526,0
1506372665,22233027,295.78,16.59900000,1
1506372556,22232981,296.08,0.03446100,0
1506372474,22232948,295.78,1.61000000,1
1506372473,22232947,295.78,0.76000000,1
1506372445,22232928,295.78,16.24547273,1
1506372445,22232927,295.78,0.43896200,1
1506372445,22232926,295.80,0.03375583,1
1506372443,22232925,296.00,4.07365651,1
1506372421,22232921,296.00,3.28180944,1
1506372419,22232920,296.00,4.84000000,1
1506372385,22232913,296.00,12.80453405,1
1506372385,22232912,296.02,3.02546979,1
1506372385,22232911,296.06,0.38958048,1
1506372383,22232910,296.06,0.10020976,1
1506372381,22232908,296.06,0.10020976,0
1506372363,22232902,296.00,0.29221197,0
1506372353,22232894,296.00,13.53793674,0
1506372353,22232892,295.82,3.66725926,0
1506372349,22232855,295.82,0.25843492,0
1506372349,22232854,295.81,0.03377708,0
1506372326,22232841,295.80,0.06013000,1
1506372292,22232817,295.80,0.76397366,0
1506372289,22232816,295.78,0.16103800,0
1506372234,22232776,295.72,3.02855261,0
1506372227,22232774,295.30,0.02000000,0
1506372204,22232763,295.00,1.57057168,1
1506372204,22232762,295.00,11.59572832,1
1506372204,22232761,295.01,0.02000000,1
1506372204,22232760,295.06,6.78000000,1
1506372204,22232759,295.06,0.03370000,1
1506372157,22232749,295.28,0.26972292,0
1506372011,22232661,295.34,0.00000500,0
1506371951,22232630,295.34,0.22999500,0
1506371944,22232622,295.00,8.34859642,1
1506371944,22232620,295.03,3.84437641,1
1506371912,22232594,295.02,3.41538660,1
1506371868,22232567,295.00,5.05567526,1
1506371868,22232566,295.00,0.61432474,1
1506371868,22232565,295.01,10.39000000,1
1506371867,22232564,295.01,1.81000000,1
1506371867,22232563,295.05,0.23000000,1
1506371857,22232549,295.08,3.86000000,0
1506371834,22232536,295.98,0.16230986,0
1506371783,22232518,295.71,1.15209923,0
1506371777,22232511,295.50,0.14964892,1
1506371767,22232503,295.40,1.49849271,1
1506371766,22232502,295.40,1.88832849,1
1506371757,22232487,295.40,1.39098784,1
1506371757,22232485,295.58,0.10020976,1
1506371753,22232481,295.78,0.26980000,0
1506371753,22232480,295.40,0.22219096,1
1506371753,22232479,295.58,0.05000000,1
1506371752,22232478,295.74,1.79432396,1
1506371752,22232477,295.76,0.10014877,1
1506371751,22232475,295.78,2.20376928,1
1506371751,22232474,295.78,0.50342643,1
1506371751,22232471,295.79,2.52902200,1
1506371746,22232459,295.78,0.16103800,1
1506371745,22232454,295.78,0.16031890,1
1506371732,22232420,296.44,1.72987100,0
1506371721,22232405,295.78,2.65864528,1
1506371718,22232393,295.74,19.85864079,1
1506371718,22232392,295.76,0.14135921,1
1506371717,22232391,295.76,0.91000000,1
1506371713,22232382,296.50,3.92549303,1
1506371711,22232377,296.50,0.79176979,1
1506371710,22232374,296.50,0.95823018,1
1506371709,22232373,296.50,0.79176982,1
1506371708,22232369,296.50,9.01517516,0
1506371708,22232368,296.46,3.00000000,0
1506371707,22232367,296.45,0.26980000,0
1506371707,22232366,296.43,1.04897352,0
1506371707,22232365,296.32,10.00000000,0
1506371707,22232364,296.30,1.04210350,0
1506371703,22232360,296.31,1.88111845,0
1506371697,22232334,295.90,0.25306359,1
1506371674,22232290,295.80,0.20000000,1
1506371659,22232264,296.21,1.65016500,0
1506371658,22232261,296.20,2.69226800,0
1506371645,22232233,296.24,0.33152734,0
1506371645,22232231,295.67,0.85745966,0
1506371645,22232230,295.67,0.00479800,0
1506371638,22232219,295.67,0.45000000,0
1506371637,22232216,295.65,0.37724501,1
1506371637,22232215,295.67,1.04897352,1
1506371637,22232213,295.67,0.05050027,1
1506371636,22232206,295.67,1.76304075,1
1506371636,22232203,295.67,2.54388490,1
1506371635,22232200,295.68,0.26980000,1
1506371632,22232193,295.68,3.02379581,1
1506371628,22232181,295.67,0.47991094,1
1506371624,22232171,296.50,0.62846154,0
1506371616,22232159,296.49,1.80778568,0
1506371616,22232158,296.49,3.02439202,0
1506371616,22232157,296.40,0.00000030,0
1506371612,22232153,296.32,0.02330000,0
1506371612,22232151,296.26,0.03000000,0
1506371612,22232148,296.25,1.35809975,0
1506371611,22232146,295.48,0.14000000,1
1506371600,22232123,296.25,0.04575929,0
1506371596,22232120,296.20,2.15547189,1
1506371596,22232119,296.20,1.90352811,0
1506371596,22232118,296.20,3.47498184,0
1506371596,22232117,296.20,0.56749005,0
1506371595,22232116,296.14,1.45712170,0
1506371595,22232115,296.14,1.08027694,0
1506371595,22232114,296.11,0.52254758,0
1506371595,22232113,296.11,6.25745242,0
1506371595,22232112,296.00,0.26666831,0
1506371595,22232110,295.96,0.03000000,0
1506371594,22232109,295.71,0.03000000,0
1506371594,22232107,295.51,0.03000000,0
1506371587,22232097,295.41,0.03000000,1
1506371550,22232021,295.27,1.34055855,1
1506371543,22232005,296.00,0.69415832,0
1506371543,22232004,295.99,0.57000000,0
1506371543,22232003,295.99,1.04783668,0
1506371534,22231987,295.38,1.04783668,1
1506371534,22231985,295.39,6.43224755,1
1506371531,22231982,295.99,6.27361006,0
1506371530,22231977,295.35,0.45728187,1
1506371526,22231965,296.00,5.37178682,1
1506371522,22231954,295.78,0.14000000,0
1506371522,22231953,295.68,0.06328120,0
1506371522,22231952,295.68,5.62046566,0
1506371522,22231950,295.66,0.97653730,0
1506371522,22231948,295.62,0.02090185,0
1506371485,22231853,295.49,5.37854300,0
1506371474,22231827,295.50,2.02346271,1
1506371474,22231826,295.50,0.97653729,0
1506371471,22231819,295.14,0.97653730,1
1506371449,22231763,295.50,0.97653730,1
1506371403,22231684,295.61,3.92569418,0
1506371388,22231679,295.57,0.11387394,0
1506371357,22231647,295.01,0.02090185,1
1506371325,22231612,295.68,0.00000400,0
1506371324,22231611,295.67,1.64341000,0
1506371310,22231608,295.60,0.36921672,0
1506371279,22231584,295.59,3.21539839,1
1506371278,22231583,295.59,1.04535201,0
1506371278,22231582,295.48,0.06328120,0
1506371278,22231581,295.28,0.06328120,0
1506371278,22231580,295.08,0.06328120,0
1506371252,22231566,295.00,1.62106264,1
1506371252,22231565,295.01,0.06328120,1
1506371252,22231564,295.02,13.64630496,1
1506371252,22231563,295.11,0.06328120,1
1506371227,22231540,295.11,3.78725358,0
1506371227,22231539,295.13,0.41274642,1
1506371220,22231537,295.13,1.61671900,1
1506371219,22231535,295.58,1.62000000,0
1506371216,22231534,295.58,4.09490000,0
1506371216,22231533,295.58,3.36952574,0
1506371215,22231532,295.58,0.14460314,0
1506371215,22231531,295.58,0.06328120,0
1506371215,22231530,295.53,0.47000000,0
1506371215,22231529,295.48,0.06328120,0
1506371215,22231528,295.46,0.02340000,0
1506371215,22231527,295.38,0.06328120,0
1506371215,22231526,295.28,0.06328120,0
1506371215,22231525,295.18,0.06328120,0
1506371203,22231521,295.08,0.06328120,0
1506371198,22231520,295.02,3.81165480,0
1506371191,22231516,295.02,5.50000000,0
1506371156,22231508,295.02,2.85000000,0
1506371156,22231507,295.02,0.80000000,0
1506371152,22231506,295.02,30.32133414,0
1506371152,22231505,295.00,3.49373373,0
1506371149,22231504,295.00,6.50626627,0
1506371149,22231503,295.00,0.54431403,0
1506371149,22231502,294.99,2.03396725,0
1506371149,22231501,294.98,0.06328120,0
1506371149,22231500,294.90,0.76411688,0
1506371149,22231499,294.88,0.06328144,0
1506371148,22231498,294.83,3.93685282,0
1506371148,22231497,294.81,2.51464400,0
1506371148,22231496,294.80,3.57327611,0
1506371065,22231468,294.87,0.32381300,0
1506371051,22231461,294.88,0.63281224,0
1506371046,22231456,294.89,1.18418500,0
1506371040,22231450,294.56,3.42109344,1
1506370952,22231391,294.55,9.90126272,0
1506370952,22231389,294.55,1.85562489,0
1506370946,22231378,294.55,11.47883211,0
1506370942,22231370,294.55,0.19940000,0
1506370938,22231361,294.55,4.37802746,0
1506370927,22231356,294.55,3.93685282,0
1506370875,22231336,294.55,0.25000000,0
1506370802,22231290,294.68,5.57046966,1
1506370522,22231193,294.68,0.05000000,0
1506370435,22231174,294.62,5.77908551,0
1506370384,22231161,294.30,1.19790700,0
1506370381,22231149,293.96,0.63499491,1
1506370378,22231134,293.94,0.04500597,1
1506370378,22231132,294.10,0.76411688,1
1506370377,22231130,294.22,0.05000000,1
1506370377,22231129,294.30,1.19790715,1
1506370377,22231126,294.63,4.02000000,0
1506370377,22231125,294.62,5.98000000,0
1506370273,22231080,294.76,0.50000000,0
1506370212,22231045,294.30,0.59477000,1
1506370200,22231025,294.30,1.62841629,1
1506370200,22231024,294.35,5.94600000,1
1506370199,22231023,294.36,1.03524371,1
1506370199,22231022,294.37,2.85432300,1
1506370155,22230990,294.41,0.06289000,1
1506369989,22230939,295.00,10.05183050,0
1506369989,22230938,294.98,5.93400000,0
1506369989,22230937,294.95,15.26100000,0
1506369987,22230936,294.79,2.57177186,0
1506369951,22230911,294.79,0.42822814,0
1506369814,22230820,294.21,0.15000000,1
1506369730,22230787,294.13,0.29392241,1
1506369730,22230786,294.45,0.04493123,1
1506369730,22230785,294.81,0.04487636,1
1506369674,22230684,294.99,0.57050317,0
1506369672,22230682,294.90,0.06449174,0
1506369668,22230677,294.90,0.69753451,0
1506369667,22230676,294.36,0.06448649,0
1506369642,22230668,293.70,5.86512149,0
1506369635,22230665,293.70,0.35798760,0
1506369628,22230662,293.70,3.00000000,0
1506369625,22230659,293.70,3.04000000,0
1506369615,22230648,293.70,30.00000000,0
1506369609,22230641,293.70,1.52542900,0
1506369609,22230638,293.70,20.60531000,0
1506369606,22230634,293.66,0.64789706,1
1506369605,22230633,293.70,20.99100000,0
1506369605,22230628,293.70,1.04162119,0
1506369605,22230626,293.70,5.00000000,0
1506369604,22230623,293.70,0.06448649,0
1506369603,22230622,293.70,5.00000000,0
1506369602,22230620,293.82,2.74988086,1
1506369602,22230619,293.86,0.43000000,1
1506369602,22230618,294.20,0.32916337,1
1506369598,22230612,294.20,0.43286288,1
1506369562,22230570,294.38,1.80000000,0
1506369554,22230569,294.38,0.07269516,1
1506369554,22230568,294.48,0.07267047,1
1506369554,22230567,294.58,0.07264580,1
1506369554,22230566,294.68,0.07262115,1
1506369553,22230565,294.78,0.07259651,1
1506369553,22230564,294.88,0.07311449,1
1506369545,22230559,294.97,1.35399700,1
1506369447,22230506,294.98,0.76356400,0
1506369415,22230473,295.00,16.40385547,0
1506369415,22230472,295.00,0.10000000,0
1506369415,22230471,294.93,0.05021753,0
1506369407,22230467,294.68,0.05021753,1
1506369404,22230461,294.99,0.07264580,0
1506369404,22230459,294.99,0.03000000,0
1506369404,22230458,294.95,0.03000000,0
1506369404,22230457,294.87,2.03479499,0
1506369401,22230455,294.88,3.88044500,0
1506369396,22230453,294.90,0.76022926,0
1506369396,22230452,294.89,0.07267047,0
1506369396,22230451,294.79,0.07269516,0
1506369396,22230450,294.69,0.18375418,0
1506369394,22230449,294.69,0.07271986,0
1506369394,22230448,294.59,0.07274458,0
1506369394,22230447,294.57,1.66474108,0
1506369321,22230401,294.11,0.18375418,1
1506369319,22230398,294.12,1.44435129,0
1506369319,22230397,294.12,1.46000000,1
1506369318,22230395,294.12,1.46527461,0
1506369267,22230349,294.08,1.22972026,1
1506369267,22230348,294.18,0.07274458,1
1506369267,22230347,294.20,0.76022926,1
1506369267,22230346,294.28,0.07271986,1
1506369267,22230345,294.38,0.07269516,1
1506369267,22230344,294.48,0.07267047,1
1506369267,22230343,294.58,0.07264580,1
1506369266,22230342,294.68,0.07262115,1
1506369266,22230341,294.78,0.07395346,1
1506369187,22230286,294.92,6.71704711,0
1506369187,22230285,294.91,2.25000000,0
1506369178,22230284,294.94,0.34356750,1
1506369178,22230283,294.94,0.03000000,0
1506369178,22230281,294.93,0.03000000,0
1506369178,22230280,294.93,0.06482872,0
1506369177,22230279,294.85,0.03000000,0
1506369177,22230278,294.83,0.03000000,0
1506369177,22230277,294.82,0.03000000,0
1506369176,22230276,294.74,0.03000000,0
1506369176,22230275,294.74,0.03000000,0
1506369176,22230274,294.74,0.03000000,0
1506369176,22230273,294.74,0.03000000,0
1506369176,22230272,294.71,0.03000000,0
1506369175,22230271,294.70,0.03000000,0
1506369175,22230270,294.69,0.03000000,0
1506369175,22230269,294.68,0.03000000,0
1506369174,22230268,294.65,0.06777415,0
1506369174,22230267,294.64,0.03000000,0
1506369174,22230266,294.60,0.02340000,0
1506369173,22230265,294.59,0.03000000,0
1506369173,22230264,294.59,0.03000000,0
1506369173,22230263,294.58,0.03000000,0
1506369171,22230262,294.55,0.03000000,0
1506369171,22230261,294.55,0.05000000,0
1506369146,22230242,294.52,0.03000000,0
1506369146,22230241,294.50,0.79408629,0
1506369103,22230233,294.50,0.90406177,0
1506369103,22230232,294.49,1.15158637,0
1506369103,22230231,294.03,0.79408625,0
1506369103,22230229,294.03,0.22553961,0
1506369101,22230225,293.90,1.30209242,1
1506369100,22230224,293.90,2.43509841,1
1506369098,22230219,294.03,0.56443216,0
1506369098,22230217,294.03,0.00000001,1
1506369098,22230214,294.03,0.79408625,1
1506369041,22230167,294.50,1.00000000,0
1506369041,22230166,294.50,3.84962086,0
1506369041,22230165,294.49,1.15037914,0
1506368991,22230128,294.03,0.20561712,1
1506368969,22230119,294.50,8.34063300,0
1506368969,22230118,294.49,0.72674400,0
1506368965,22230113,294.50,0.02300000,0
1506368964,22230112,294.50,6.52476900,0
1506368964,22230111,294.50,0.03000000,0
1506368964,22230110,294.42,0.10000000,0
1506368962,22230109,294.48,0.03000000,0
1506368962,22230108,294.46,0.03000000,0
1506368962,22230107,294.44,0.03000000,0
1506368962,22230106,294.44,0.03000000,0
1506368961,22230105,294.43,1.34896600,0
1506368953,22230101,294.40,0.03000000,0
1506368953,22230100,294.38,0.03000000,0
1506368952,22230099,294.35,5.94784729,0
1506368952,22230098,294.34,0.20734400,0
1506368952,22230097,294.29,0.27150000,0
1506368952,22230096,294.26,0.03000000,0
1506368952,22230095,294.25,0.23000000,0
1506368942,22230092,294.11,0.03000000,0
1506368866,22230048,294.29,1.98965900,0
1506368852,22230040,294.02,0.08277328,1
1506368831,22230031,294.34,0.21265600,0
1506368826,22230027,294.20,5.91911268,1
1506368825,22230022,294.20,2.52725986,1
1506368823,22230018,294.20,7.44088206,1
1506368820,22230013,294.20,4.11268163,1
1506368790,22229988,294.34,0.10168513,0
1506368789,22229987,294.34,0.19000000,0
1506368788,22229986,294.32,0.23000000,0
1506368782,22229978,294.33,0.23000000,0
1506368765,22229963,294.35,0.03000000,0
1506368764,22229962,294.34,0.03000000,0
1506368764,22229961,294.33,0.03000000,0
1506368764,22229960,294.32,0.03000000,0
1506368764,22229959,294.21,0.23000000,0
1506368705,22229907,294.30,0.07000400,0
1506368639,22229872,293.87,2.25096638,0
1506368631,22229868,293.85,4.82303295,1
1506368631,22229867,293.86,0.27150000,1
1506368630,22229866,293.85,0.17696705,1
1506368616,22229851,294.30,12.51481300,0
1506368615,22229850,294.29,2.73504800,0
1506368615,22229849,294.28,0.23000000,0
1506368615,22229848,294.11,0.17720000,0
1506368605,22229839,294.30,0.03000000,0
1506368604,22229838,294.28,0.03000000,0
1506368604,22229837,294.27,0.03000000,0
1506368604,22229836,294.12,0.43886388,0
1506368604,22229835,294.11,1.06201844,0
1506368603,22229834,294.11,8.61798156,0
1506368603,22229833,294.06,0.15101844,0
1506368511,22229787,294.26,0.69819100,0
1506368511,22229786,294.12,0.23000000,0
1506368511,22229785,294.12,0.27170000,0
1506368385,22229699,294.25,2.85239525,0
1506368385,22229698,294.23,0.23000000,0
1506368370,22229689,294.22,2.58157200,0
1506368364,22229685,293.69,1.88894959,1
1506368364,22229684,293.72,0.04000000,1
1506368364,22229683,293.73,0.23000000,1
1506368350,22229662,293.63,0.80451000,1
1506368346,22229653,293.61,0.53473700,1
1506368295,22229629,294.24,1.00000000,0
1506368285,22229628,293.79,0.10000000,1
1506368266,22229610,294.25,5.01256300,0
1506368230,22229596,293.78,0.23171198,1
1506368196,22229570,293.71,0.17127495,1
1506368191,22229565,293.70,0.23000000,1
1506368190,22229563,293.58,0.20886388,0
1506368190,22229562,293.58,0.02113612,1
1506368190,22229561,293.58,0.20886388,1
1506368188,22229560,293.61,0.06283612,1
1506368187,22229559,293.61,0.20886388,1
1506368185,22229557,294.26,2.16506300,1
1506368185,22229555,294.23,0.03000000,0
1506368184,22229554,294.19,0.03000000,0
1506368181,22229551,293.63,0.35151332,1
1506368176,22229548,294.19,0.03000000,0
1506368176,22229547,294.17,0.06452771,0
1506368176,22229546,294.07,0.03000000,0
1506368176,22229545,293.99,0.01306065,0
1506368165,22229536,293.95,0.22324613,0
1506368165,22229535,293.93,0.22324613,0
1506368165,22229534,293.93,0.02859799,0
1506368157,22229530,293.52,0.16583340,0
1506368155,22229523,293.76,0.07133140,1
1506368153,22229517,293.76,0.29065462,1
1506368153,22229515,293.76,0.17684941,1
1506368150,22229513,293.76,0.16584362,1
1506368150,22229510,293.76,0.38516400,1
1506368150,22229506,293.76,0.38516400,1
1506368149,22229504,293.76,0.38516400,1
1506368148,22229499,293.76,0.18533568,1
1506368147,22229495,293.76,0.29483831,1
1506368146,22229493,293.76,0.38516400,1
1506368146,22229492,293.76,0.27449096,1
1506368145,22229490,293.87,0.04143435,1
1506368144,22229485,293.88,0.21527210,1
1506368115,22229450,293.92,0.03000000,0
1506368030,22229407,293.83,0.23000000,1
1506368024,22229404,293.80,0.60000000,0
1506367956,22229378,293.99,0.01693935,0
1506367948,22229375,293.85,0.17773500,1
1506367945,22229373,293.84,0.03000000,0
1506367921,22229366,293.76,0.42379519,1
1506367918,22229364,293.76,0.16752654,1
1506367917,22229363,293.76,0.45467694,1
1506367913,22229361,293.76,0.33981423,1
1506367912,22229360,293.77,0.19476261,1
1506367890,22229355,293.79,0.17360203,1
1506367879,22229351,293.74,0.17640953,1
1506367867,22229346,293.82,0.22324613,1
1506367862,22229342,293.80,0.42325231,1
1506367861,22229341,293.80,0.41429122,1
1506367735,22229269,293.75,0.15498300,0
1506367734,22229268,293.75,0.04000000,1
1506367725,22229263,294.15,2.67187183,0
1506367724,22229262,294.14,0.23000000,0
1506367724,22229260,293.69,0.26825777,1
1506367719,22229257,293.70,0.28329630,1
1506367714,22229256,293.73,0.46495165,1
1506367707,22229253,293.70,0.16755177,1
1506367706,22229252,293.70,0.25321948,1
1506367705,22229251,293.76,0.08566771,1
1506367704,22229249,293.76,0.16755177,1
1506367703,22229248,293.76,0.22621808,1
1506367702,22229247,293.76,0.23682872,1
1506367698,22229245,293.73,0.19576732,1
1506367695,22229242,293.75,0.22744119,0
1506367685,22229239,293.71,0.28250196,1
1506367685,22229238,293.71,0.17652065,1
1506367679,22229236,293.68,0.23733445,0
1506367678,22229235,293.73,0.24693611,1
1506367673,22229234,293.71,0.16557464,1
1506367670,22229232,293.70,0.10934864,1
1506367667,22229226,293.77,0.10934864,1
1506367666,22229225,293.77,0.10934864,1
1506367666,22229224,293.76,0.09393651,0
1506367666,22229222,293.76,0.19119489,1
1506367664,22229221,293.78,0.10934864,1
1506367663,22229220,293.78,0.23891557,1
1506367661,22229219,293.77,0.19209774,1
1506367659,22229217,293.75,0.29311243,1
1506367657,22229216,293.73,0.18165687,1
1506367654,22229215,293.90,0.22727636,1
1506367649,22229214,293.89,0.17402276,1
1506367644,22229211,293.86,0.17018976,1
1506367641,22229210,293.86,0.22983595,1
1506367639,22229209,293.84,0.19293917,1
1506367635,22229205,293.81,0.17184577,1
1506367628,22229201,293.77,0.19559458,1
1506367619,22229195,293.72,0.17718407,1
1506367617,22229193,293.70,0.17844861,1
1506367616,22229192,293.69,0.17900472,1
1506367616,22229191,293.69,0.16849628,1
1506367615,22229190,293.69,0.23621340,1
1506367614,22229189,294.15,0.33973100,0
1506367613,22229188,293.69,0.19916020,1
1506367612,22229187,294.14,4.80000000,0
1506367611,22229186,293.68,0.16822325,1
1506367608,22229185,294.10,0.03000000,0
1506367608,22229184,293.65,0.18786952,1
1506367606,22229182,293.95,0.03000000,0
1506367606,22229181,293.91,0.27130000,0
1506367606,22229180,293.64,0.16645483,1
1506367605,22229179,293.64,0.22769319,1
1506367604,22229178,293.65,0.42247810,0
1506367604,22229177,293.65,0.62990094,0
1506367548,22229167,293.86,0.18180057,1
1506367544,22229165,293.86,0.16749911,1
1506367540,22229164,293.86,0.17168710,1
1506367539,22229163,293.86,0.18081832,1
1506367529,22229160,293.86,0.20424718,1
1506367527,22229159,293.86,0.20004142,1
1506367527,22229158,293.86,0.16736857,1
1506367523,22229155,293.86,0.17568059,1
1506367520,22229151,293.85,0.19608624,1
1506367511,22229149,293.87,0.22084175,1
1506367511,22229147,293.87,0.27404767,0
1506367510,22229146,293.87,0.21218529,0
1506367509,22229142,294.16,0.17232900,0
1506367506,22229141,293.86,0.17412146,1
1506367500,22229139,293.84,0.17578999,0
1506367498,22229138,293.84,0.20625890,1
1506367497,22229137,293.84,0.22201526,1
1506367492,22229136,293.84,0.17980161,1
1506367491,22229135,293.84,0.23340126,1
1506367475,22229130,293.80,0.29225020,1
1506367473,22229129,293.78,0.22938467,1
1506367468,22229128,293.75,0.19028508,1
1506367456,22229125,293.70,0.19798411,1
1506367454,22229124,293.68,0.18004502,1
1506367452,22229123,293.91,0.18227237,1
1506367448,22229121,293.90,0.16693419,1
1506367442,22229120,293.90,0.18426395,1
1506367441,22229119,293.90,0.18920096,1
1506367440,22229118,293.89,0.20032081,1
1506367439,22229117,293.89,0.32100872,1
1506367435,22229116,293.87,0.21892976,1
1506367431,22229112,293.68,0.19990832,1
1506367423,22229109,293.78,0.16661889,1
1506367420,22229108,293.76,0.17623641,1
1506367418,22229106,293.76,0.16998579,1
1506367418,22229105,293.76,0.24192553,1
1506367416,22229104,293.74,0.38969129,1
1506367377,22229089,293.86,0.18252300,1
1506367375,22229083,293.85,0.17274756,1
1506367374,22229082,293.85,0.18252300,1
1506367369,22229076,293.82,0.18252300,1
1506367368,22229070,293.82,0.18252300,1
1506367367,22229068,293.81,0.17674524,1
1506367365,22229060,293.81,0.18252300,1
1506367360,22229056,293.67,0.18252300,1
1506367354,22229052,293.78,0.18252300,1
1506367354,22229051,293.78,0.18252300,1
1506367349,22229050,293.76,0.18252300,1
1506367347,22229048,293.76,0.18252300,1
1506367346,22229047,293.75,0.18252300,1
1506367344,22229046,293.86,0.11955950,1
1506367343,22229045,294.00,0.11955950,1
1506367328,22229041,294.00,0.18252300,1
1506367324,22229040,294.00,0.18252300,1
1506367322,22229039,294.00,0.18252300,1
1506367321,22229038,294.00,0.18252300,1
1506367321,22229037,294.00,0.15034850,1
1506367319,22229036,294.14,0.03217450,1
1506367319,22229035,294.14,0.18252300,1
1506367318,22229034,294.14,0.41366707,1
1506367280,22229008,294.14,3.94163543,1
1506367198,22228962,294.14,0.23000000,0
1506367181,22228951,294.15,0.68675416,0
1506367181,22228950,294.15,0.03057032,0
1506367181,22228949,294.15,0.03396229,0
1506367181,22228948,294.10,0.03000000,0
1506367181,22228947,294.02,0.03000000,0
1506367181,22228946,294.00,0.00000523,0
1506367179,22228944,294.00,0.59217800,0
1506367165,22228938,294.00,0.27130000,0
1506367158,22228933,294.00,4.77000000,0
1506367157,22228932,294.00,0.03000000,0
1506367155,22228930,293.99,0.03000000,0
1506367153,22228926,293.98,0.03000000,0
1506367120,22228915,293.95,1.90826139,0
1506367120,22228914,293.94,0.47497861,0
1506367118,22228913,293.94,1.56625429,0
1506367118,22228912,293.93,3.78637171,0
1506367114,22228911,293.85,0.03000000,0
1506367113,22228910,293.84,0.03000000,0
1506367113,22228909,293.77,0.03000000,0
1506367013,22228840,293.75,0.82000000,0
1506366997,22228835,293.73,2.57000000,1
1506366994,22228834,293.72,0.57000000,0
1506366935,22228808,293.70,0.03000000,0
1506366935,22228807,293.66,0.44013222,0
1506366919,22228801,293.66,0.32149665,0
1506366919,22228799,293.57,0.03000000,0
1506366919,22228798,293.56,0.27200000,0
1506366849,22228776,293.03,2.93070177,1
1506366848,22228775,293.50,3.88163543,1
1506366825,22228764,293.45,0.03000000,0
1506366825,22228763,293.42,0.03000000,0
1506366776,22228755,293.34,0.03000000,1
1506366776,22228754,293.34,0.03000000,1
1506366683,22228705,293.01,6.34237113,0
1506366683,22228704,293.01,1.69000000,1
1506366682,22228703,293.02,0.27200000,1
1506366682,22228702,293.07,0.76162887,1
1506366681,22228701,293.35,5.93400000,1
1506366520,22228655,293.35,1.59330304,1
1506366483,22228649,293.33,0.06263467,1
1506366402,22228601,293.30,0.08633044,0
1506366308,22228573,293.28,0.19951766,1
1506366306,22228572,293.34,0.23000000,1
1506366275,22228566,293.28,7.15700000,1
1506366274,22228565,293.33,0.23000000,1
1506366262,22228563,293.75,15.87709200,0
1506366254,22228561,293.73,0.03000000,0
1506366254,22228560,293.53,0.03000000,0
1506366253,22228559,293.38,0.03000000,0
1506366206,22228542,293.29,0.20597000,1
1506366188,22228529,293.28,2.22681397,0
1506366109,22228461,293.29,2.62472400,1
1506366098,22228456,293.26,29.77000000,0
1506366098,22228455,293.27,0.23000000,1
1506366086,22228452,293.79,0.18604300,0
1506366085,22228451,293.65,0.03000000,0
1506366077,22228448,293.50,0.03000000,0
1506366061,22228442,293.24,0.14886200,1
1506366060,22228440,293.24,4.21106900,1
1506366060,22228439,293.25,0.23000000,1
1506366051,22228436,293.25,6.00000000,1
1506365981,22228383,293.14,2.08148537,1
1506365981,22228382,293.32,3.82000000,1
1506365981,22228381,293.32,2.96000000,1
1506365980,22228380,293.33,0.23000000,1
1506365971,22228373,293.33,2.95564504,1
1506365959,22228367,293.41,11.65699700,0
1506365955,22228364,293.41,5.38735796,0
1506365955,22228363,293.41,0.00000004,0
1506365953,22228360,293.41,14.61264200,0
1506365822,22228260,293.45,1.33173602,0
1506365822,22228259,293.48,2.04433866,1
1506365822,22228258,293.65,0.03057032,1
1506365814,22228257,293.65,0.03396229,1
1506365813,22228256,293.67,0.06452771,1
1506365770,22228198,294.26,0.86332700,1
1506365769,22228197,294.25,2.03908241,0
1506365768,22228196,294.17,0.00000050,0
1506365768,22228195,294.09,0.03000000,0
1506365758,22228186,293.89,0.03000000,0
1506365758,22228185,293.74,0.03000000,0
1506365735,22228174,293.67,0.00000050,0
1506365734,22228173,293.67,3.49282400,0
1506365709,22228166,293.65,0.09997692,1
1506365707,22228165,294.50,0.00002308,1
1506365685,22228157,294.50,1.45908320,1
1506365679,22228154,294.50,30.54089372,1
1506365679,22228153,294.51,1.81810628,1
1506365668,22228151,294.51,0.02882137,1
1506365662,22228147,294.51,0.15666395,1
1506365587,22228129,294.53,14.19342600,0
1506365587,22228128,294.53,7.50415897,0
1506365464,22228106,294.20,0.91244500,0
1506365464,22228105,294.20,0.76768500,0
1506365454,22228099,294.20,0.91251500,0
1506365453,22228098,294.19,1.68013000,0
1506365450,22228095,294.19,1.68013000,1
1506365450,22228094,294.19,1.68013000,0
1506365442,22228088,294.50,9.75973965,0
1506365427,22228087,294.50,3.31837100,0
1506365427,22228086,294.44,0.03000000,0
1506365426,22228085,294.24,0.03000000,0
1506365390,22228068,294.09,0.03000000,0
1506365388,22228067,294.08,0.70000000,0
1506365350,22228058,294.00,0.00000042,0
1506365326,22228045,294.00,7.67729100,0
1506365310,22228043,294.00,4.48100300,0
1506365285,22228036,294.00,1.57360100,0
1506365259,22228025,294.00,24.80350100,0
1506365237,22228020,294.00,13.73189500,0
1506365236,22228019,294.00,32.88312500,0
1506365163,22227976,294.00,0.67794400,0
1506365162,22227975,294.00,0.17601475,0
1506365160,22227974,294.00,1.02722300,0
1506365139,22227971,294.00,1.14142583,0
1506365138,22227970,294.00,5.85591000,0
1506365096,22227934,294.00,5.87106600,0
1506365092,22227933,294.52,5.85815850,0
1506364663,22227752,294.36,0.06777415,0
1506364592,22227711,294.53,24.72611100,0
1506364586,22227710,294.52,5.00000000,0
1506364585,22227709,294.00,5.00000000,0
1506364499,22227623,294.00,23.70532700,0
1506364499,22227622,294.00,5.00000000,0
1506364498,22227620,294.00,21.24965500,0
1506364458,22227579,294.25,3.00000000,1
1506364405,22227540,294.14,0.74770500,1
1506364403,22227535,294.14,2.60746100,1
1506364352,22227499,293.99,0.33118000,1
1506364320,22227449,294.53,0.25508268,0
1506364320,22227448,294.53,0.06491732,0
1506364320,22227447,294.31,0.03000000,0
1506364293,22227431,294.22,0.11437730,0
1506364293,22227430,294.20,0.03000000,0
1506364293,22227429,294.13,0.06500616,0
1506364293,22227428,294.00,0.20004828,0
1506364283,22227415,293.71,0.15334200,1
1506364269,22227395,294.00,1.19459400,0
1506364262,22227385,294.00,3.00000000,0
1506364262,22227384,294.00,0.20004800,0
1506364259,22227382,294.00,4.84000000,0
1506364258,22227380,294.00,5.63015446,0
1506364258,22227379,293.99,6.78000000,0
1506364257,22227378,294.00,3.31000000,0
1506364240,22227366,294.00,11.46267111,0
1506364224,22227352,294.00,6.36434300,0
1506364222,22227347,293.99,0.75043700,0
1506364206,22227328,294.00,0.85000000,0
1506364195,22227316,294.00,5.49161928,0
1506364195,22227315,293.99,2.04088574,0
1506364164,22227305,294.00,14.21560800,0
1506364163,22227304,293.98,3.65428200,0
1506364153,22227299,293.55,0.03447050,0
1506364151,22227298,293.56,0.96661353,1
1506364148,22227296,293.98,1.18571800,0
1506364148,22227295,293.90,0.79904000,0
1506364124,22227286,293.55,1.62330900,1
1506364123,22227285,293.91,0.05000000,1
1506364103,22227262,294.00,16.90091400,0
1506364098,22227258,294.00,2.88698000,0
1506364097,22227256,294.00,8.88588700,0
1506364095,22227255,294.00,1.03330300,0
1506364093,22227254,294.00,1.25746000,0
1506364091,22227253,294.00,18.43857600,0
1506364036,22227197,294.00,10.34958911,0
1506364036,22227196,293.93,4.84000000,0
1506364026,22227180,294.00,8.39236365,0
1506364025,22227179,294.00,3.09584111,0
1506364025,22227178,293.97,0.03000000,0
1506364025,22227177,293.93,1.48179524,0
1506364024,22227174,293.93,0.86148076,0
1506364004,22227165,293.90,0.06284000,1
1506363998,22227153,293.93,1.00000000,0
1506363997,22227149,293.90,0.30000000,1
1506363985,22227132,293.93,1.49672400,0
1506363975,22227125,293.90,0.14999500,1
1506363970,22227112,293.90,0.20100000,1
1506363969,22227110,293.90,0.20087598,1
1506363967,22227107,293.90,0.03000000,0
1506363967,22227105,293.80,0.42628004,0
1506363967,22227104,293.70,0.00000034,0
1506363966,22227102,293.70,2.48956407,0
1506363966,22227101,293.70,0.72869593,0
1506363870,22227035,293.80,0.45626276,0
1506363870,22227034,293.79,0.27220000,0
1506363868,22227033,293.70,0.46000000,0
1506363790,22226977,293.50,1.45039800,0
1506363737,22226957,293.10,1.00000000,1
1506363672,22226933,293.80,0.14334181,0
1506363672,22226932,293.80,4.90669489,0
1506363662,22226920,293.77,0.03000000,0
1506363662,22226919,293.72,0.06509524,0
1506363660,22226916,293.65,0.03000000,0
1506363660,22226915,293.62,0.03000000,0
1506363660,22226914,293.56,0.00165419,0
1506363632,22226902,293.56,1.23168481,0
1506363608,22226886,293.53,0.96465204,0
1506363608,22226885,293.52,12.91434796,0
1506363574,22226866,292.89,12.00000000,1
1506363545,22226849,293.01,1.91606300,0
1506363518,22226829,293.00,1.54578982,1
1506363518,22226828,293.00,0.27220000,1
1506363496,22226799,293.00,1.39302611,1
1506363494,22226796,292.99,1.24830558,1
1506363493,22226793,292.99,1.21291222,0
1506363490,22226789,292.98,6.51959605,1
1506363484,22226782,293.56,1.76666100,0
1506363484,22226781,293.31,3.47000000,0
1506363484,22226780,293.31,3.31000000,0
1506363462,22226765,293.31,3.47083900,0
1506363461,22226762,293.31,3.30916100,0
1506363414,22226742,293.32,1.77000000,0
1506363414,22226741,293.31,0.23000000,0
1506363406,22226740,293.30,1.10000000,0
1506363400,22226739,293.32,1.45000000,0
1506363399,22226738,293.29,0.23000000,0
1506363399,22226737,293.28,0.32000000,0
1506363387,22226733,293.27,0.23378900,0
1506363380,22226730,292.76,0.17890000,1
1506363380,22226729,292.79,0.04000000,1
1506363380,22226728,292.94,0.04000000,1
1506363374,22226723,292.73,0.32041300,1
1506363330,22226708,293.46,1.54849300,0
1506363330,22226707,293.45,0.23000000,0
1506363318,22226698,293.38,0.48000000,0
1506363317,22226697,293.37,0.23000000,0
1506363310,22226691,293.35,0.47035600,0
1506363306,22226684,293.37,0.23000000,0
1506363298,22226675,293.32,0.06518458,0
1506363298,22226674,293.27,1.98999244,0
1506363298,22226673,293.26,0.23000000,0
1506363288,22226665,293.27,1.96000000,1
1506363288,22226664,293.27,0.03000000,0
1506363261,22226645,293.07,0.03000000,0
1506363261,22226644,293.00,0.42289535,0
1506363261,22226643,292.98,0.00000032,0
1506363261,22226642,292.94,11.72155965,0
1506363256,22226640,292.65,0.36353000,1
1506363250,22226635,292.87,7.91043500,0
1506363192,22226621,292.65,0.43586600,1
1506363183,22226613,292.65,0.63991800,1
1506363172,22226610,292.65,0.42540000,1
1506363136,22226544,292.65,0.15552000,1
1506363048,22226503,292.98,3.73633100,0
1506363048,22226502,292.95,0.03000000,0
1506363048,22226501,292.91,0.03000000,0
1506363048,22226500,292.90,0.23000000,0
1506363041,22226499,292.65,0.20844200,1
1506363040,22226498,292.81,0.96609200,1
1506363039,22226497,292.80,0.23000000,0
1506363020,22226488,292.65,0.32039100,1
1506363017,22226484,292.65,0.03000000,0
1506362991,22226479,292.40,0.03000000,0
1506362986,22226477,292.20,0.03000000,0
1506362982,22226476,292.05,0.03000000,0
1506362979,22226475,292.04,0.27300000,0
1506362800,22226399,291.96,4.84000000,1
1506362777,22226381,292.33,0.06493506,0
1506362699,22226348,292.32,5.89737700,0
1506362698,22226347,291.29,5.00737705,1
1506362697,22226346,291.29,0.89000000,0
1506362697,22226345,291.46,0.04000000,1
1506362697,22226344,291.48,0.06518458,1
1506362696,22226342,291.67,0.08633044,1
1506362696,22226341,291.68,25.00000000,1
1506362696,22226340,291.69,0.89000000,1
1506362695,22226339,291.70,1.00000000,1
1506362695,22226338,291.75,0.20000000,1
1506362695,22226337,291.75,0.06493506,0
1506362694,22226336,291.76,0.04000000,1
1506362694,22226335,291.80,4.84000000,1
1506362694,22226334,291.80,6.74444155,0
1506362694,22226333,291.83,35.25200000,0
1506362693,22226332,292.01,0.04000000,1
1506362693,22226331,292.21,0.04000000,1
1506362693,22226330,292.36,0.04000000,1
1506362692,22226329,292.37,0.27300000,1
1506362692,22226328,292.64,0.41133132,1
1506362690,22226327,292.65,0.23000000,1
1506362668,22226321,292.64,6.32500000,1
1506362668,22226320,292.66,0.23000000,1
1506362639,22226315,292.86,14.68623232,0
1506362638,22226314,292.65,0.67003759,0
1506362631,22226313,292.65,3.93996241,0
1506362615,22226306,292.65,0.23000000,1
1506362582,22226289,292.86,0.21457352,0
1506362516,22226253,292.88,0.18836708,1
1506362514,22226252,292.88,6.28039415,0
1506362490,22226243,292.80,0.12865107,0
1506362490,22226242,292.71,0.03000000,0
1506362490,22226241,292.56,0.01185193,0
1506362389,22226148,292.56,0.01814807,0
1506362389,22226147,292.30,0.95735800,0
1506362386,22226143,292.30,2.00000000,0
1506362386,22226142,292.30,0.02073000,0
1506362385,22226141,292.30,74.95791200,0
1506362384,22226140,292.30,4.00000000,0
1506362376,22226127,292.30,77.70000000,0
1506362374,22226125,292.46,73.34900000,1
1506362374,22226124,292.48,10.23500000,1
1506362374,22226123,292.55,6.78000000,1
1506362286,22226083,292.47,13.18000000,0
1506362285,22226079,292.47,0.04000000,1
1506362285,22226078,292.61,6.78000000,1
1506362236,22226038,292.49,0.38274889,1
1506362227,22226035,292.61,1.55000000,1
1506362225,22226033,292.62,0.15000000,0
1506362225,22226032,292.61,1.55000000,0
1506362223,22226028,292.62,0.04000000,1
1506362220,22226027,292.63,0.67199928,1
1506362203,22226019,292.88,1.96978284,1
1506362192,22226012,293.31,0.67890000,0
1506362192,22226011,293.15,0.23000000,0
1506362153,22225995,292.95,1.68700000,1
1506362096,22225959,292.96,4.73462718,0
1506362096,22225958,292.96,0.10537282,1
1506361879,22225855,293.14,1.99906086,1
1506361830,22225823,293.60,1.65148876,0
1506361830,22225822,293.59,0.92953797,0
1506361830,22225821,293.58,0.23000000,0
1506361820,22225783,293.59,0.92954704,1
1506361818,22225780,293.56,0.23000000,0
1506361817,22225779,293.55,0.25144950,0
1506361735,22225739,293.59,0.02085050,0
1506361735,22225738,293.59,0.23000000,0
1506361674,22225700,293.60,0.00993174,0
1506361674,22225699,293.55,0.23000000,0
1506361662,22225692,293.52,0.06467135,0
1506361662,22225690,293.46,0.23000000,0
1506361662,22225688,293.45,0.27200000,0
1506361618,22225656,293.00,3.23697135,0
1506361618,22225653,293.00,1.60302865,0
1506361617,22225651,293.00,4.84000000,1
1506361617,22225650,293.01,0.27230000,1
1506361617,22225648,293.02,0.06467135,1
1506361506,22225589,293.02,4.72800000,0
1506361505,22225588,293.02,0.27200000,1
1506361494,22225584,293.57,0.07000000,1
1506361493,22225583,293.57,0.43000000,1
1506361492,22225581,293.57,0.43000000,1
1506361491,22225578,293.57,0.43000000,1
1506361490,22225576,293.57,0.43000000,1
1506361489,22225574,293.57,0.43000000,1
1506361488,22225571,293.57,0.43000000,1
1506361487,22225569,293.57,0.43000000,1
1506361486,22225565,293.57,0.43000000,1
1506361485,22225564,293.57,0.43000000,1
1506361484,22225563,293.57,0.43000000,1
1506361484,22225562,293.58,0.42951766,0
1506361452,22225539,293.57,0.23000000,0
1506361432,22225519,293.58,0.73730438,0
1506361432,22225518,293.58,0.23000000,0
1506361380,22225483,293.25,0.03000000,0
1506361365,22225476,293.21,0.23000000,0
1506361352,22225462,293.22,0.70000000,1
1506361351,22225461,293.22,4.14000000,0
1506361349,22225460,293.22,2.64000000,0
1506361345,22225458,293.22,0.78562270,0
1506361345,22225456,293.10,0.25000000,0
1506361344,22225453,292.99,17.44830500,0
1506361339,22225448,292.98,1.96915310,1
1506361325,22225439,292.99,1.00169500,0
1506361301,22225428,292.98,0.23000000,0
1506361246,22225404,293.06,0.17389700,0
1506361238,22225383,293.07,8.89442232,0
1506361238,22225382,293.06,4.89000000,0
1506361237,22225381,293.03,0.23000000,0
1506361237,22225380,293.02,3.02390968,0
1506361204,22225371,292.78,0.99970000,1
1506361115,22225281,292.71,1.61000000,1
1506361072,22225260,293.22,0.11437730,0
1506361023,22225217,293.24,11.55327700,0
1506361018,22225212,293.04,0.06472277,0
1506361018,22225211,293.03,0.23000000,0
1506361008,22225202,292.95,0.03000000,0
1506360952,22225166,292.94,0.24379200,1
1506360951,22225165,292.70,0.03000000,0
1506360923,22225154,292.64,0.09785844,0
1506360891,22225142,292.52,0.01381260,0
1506360884,22225133,292.52,0.21618740,0
1506360815,22225039,292.52,0.23000000,1
1506360814,22225031,292.53,0.23000000,1
1506360807,22225018,292.51,0.23000000,1
1506360806,22225014,292.52,4.64170000,0
1506360770,22224966,292.50,1.21802963,1
1506360768,22224965,292.50,0.03000000,0
1506360768,22224964,292.49,0.58000000,0
1506360753,22224952,292.49,9.78000000,0
1506360746,22224949,292.44,0.03000000,1
1506360746,22224948,292.44,0.03000000,1
1506360726,22224924,291.95,5.87245000,1
1506360705,22224916,292.42,0.31541200,0
1506360688,22224906,292.42,5.18458300,0
1506360688,22224905,292.35,0.03000000,0
1506360669,22224876,292.30,5.58515148,0
1506360669,22224875,292.17,0.04156752,0
1506360603,22224812,291.67,4.97008361,0
1506360603,22224809,291.67,0.22991639,0
1506360603,22224808,291.67,0.00008361,0
1506360602,22224807,291.67,0.56834887,0
1506360600,22224803,291.67,0.04156752,1
1506360600,22224802,291.74,0.04000000,1
1506360597,22224799,291.49,11.60000000,1
1506360597,22224798,291.50,5.00000000,0
1506360597,22224797,291.55,0.10000000,1
1506360596,22224794,291.67,0.02348000,1
1506360593,22224791,291.88,0.06509524,1
1506360588,22224789,292.01,0.34090722,1
1506360584,22224783,292.26,3.81599590,1
1506360582,22224778,292.26,0.08273997,1
1506360579,22224764,292.26,2.18924661,1
1506360579,22224762,292.26,0.47000000,1
1506360579,22224759,292.26,4.69000000,1
1506360578,22224758,292.26,2.00000000,1
1506360573,22224745,292.26,2.84000000,1
1506360571,22224740,292.26,4.84000000,1
1506360569,22224727,292.26,0.45000000,1
1506360565,22224713,292.26,20.00000000,1
1506360564,22224708,292.28,0.23000000,1
1506360564,22224701,292.85,0.34129560,0
1506360551,22224646,292.26,0.00045500,1
1506360551,22224645,292.27,0.42000000,1
1506360551,22224644,292.27,0.23000000,1
1506360509,22224563,292.26,1.77000000,1
1506360507,22224560,292.47,0.23000000,1
1506360500,22224548,292.26,6.85156252,1
1506360500,22224547,292.28,0.06500616,1
1506360500,22224545,292.34,0.04000000,1
1506360499,22224543,292.37,0.12643132,1
1506360499,22224542,292.40,5.90700000,1
1506360499,22224541,292.41,6.78000000,1
1506360499,22224540,292.46,0.23000000,1
1506360446,22224411,292.37,0.02389542,1
1506360446,22224410,292.38,0.23000000,1
1506360446,22224409,292.45,0.20028758,1
1506360426,22224374,292.37,4.98453027,0
1506360425,22224371,292.37,1.22460885,0
1506360424,22224365,292.37,1.22450100,0
1506360423,22224361,292.37,0.12690576,0
1506360421,22224359,292.37,9.20888004,0
1506360421,22224357,292.37,2.05150068,0
1506360420,22224355,292.37,0.06472277,0
1506360420,22224353,292.46,0.07000000,1
1506360419,22224352,292.47,0.63000000,1
1506360419,22224351,292.52,0.02341000,1
1506360419,22224350,292.54,0.04000000,1
1506360419,22224348,292.68,0.12094063,1
1506360419,22224347,292.69,0.23000000,1
1506360409,22224333,293.45,0.03000000,0
1506360409,22224331,293.38,4.84000000,0
1506360409,22224330,293.30,0.03000000,0
1506360409,22224329,293.12,2.04694323,0
1506360409,22224327,293.12,3.30000000,0
1506360401,22224323,293.10,0.20267509,0
1506360364,22224302,293.18,0.17865411,0
1506360354,22224293,293.23,0.02334000,0
1506360354,22224292,293.23,0.02327000,0
1506360354,22224291,293.23,0.02320000,0
1506360350,22224290,292.68,19.77000000,1
1506360350,22224289,292.69,0.23000000,1
1506360348,22224287,292.68,4.84000000,1
1506360340,22224286,292.68,4.96375969,1
1506360340,22224285,292.69,0.04000000,1
1506360340,22224284,292.69,0.08900000,1
1506360337,22224282,292.69,0.14100000,1
1506360326,22224274,292.68,20.00000000,1
1506360308,22224258,293.21,4.84000000,1
1506360307,22224257,293.18,4.84000000,0
1506360307,22224254,293.02,16.28616191,0
1506360306,22224251,293.01,0.27150000,0
1506360306,22224249,293.01,5.27000000,0
1506360306,22224247,293.00,0.27200000,0
1506360299,22224224,292.69,20.00000000,0
1506360298,22224221,292.68,0.23021700,1
1506360295,22224217,292.68,0.07508268,1
1506360295,22224216,292.68,0.06491732,1
1506360295,22224215,292.71,0.23000000,1
1506360256,22224187,292.69,7.98509253,0
1506360255,22224186,292.69,7.75500000,1
1506360255,22224185,292.88,0.04000000,1
1506360255,22224184,293.00,4.21990747,1
1506360254,22224182,293.01,0.23000000,1
1506360238,22224168,293.00,11.81394918,1
1506360238,22224167,293.04,8.18605082,1
1506360237,22224166,293.04,1.09594918,1
1506360237,22224165,293.08,0.06482872,1
1506360237,22224164,293.18,0.04000000,1
1506360236,22224163,293.43,0.04000000,1
1506360236,22224162,293.48,0.06449210,1
1506360234,22224161,293.48,0.00048677,1
1506360234,22224160,293.51,0.69562323,1
1506360192,22224124,293.60,1.38744309,1
1506360191,22224121,293.60,3.08024000,1
1506360190,22224116,293.60,0.24822400,1
1506360189,22224115,293.60,1.35657000,1
1506360176,22224106,293.51,0.41127900,1
1506360157,22224084,293.51,12.56400000,1
1506360106,22224059,293.51,6.32909777,1
1506360106,22224058,293.52,5.63348323,1
1506360106,22224057,293.53,1.37000000,1
1506360106,22224056,293.60,0.27200000,1
1506360106,22224055,293.60,16.31541900,1
1506360105,22224054,293.63,0.04000000,1
1506360105,22224053,293.78,0.04000000,1
1506359983,22224000,294.30,1.37180400,0
1506359983,22223999,294.11,0.03000000,0
1506359983,22223998,293.96,0.03000000,0
1506359983,22223997,293.95,0.27268700,0
1506359980,22223996,293.59,3.68458100,0
1506359980,22223995,293.59,0.23000000,0
1506359970,22223984,293.59,0.23000000,0
1506359961,22223978,293.59,0.23000000,0
1506359950,22223970,293.59,5.63541900,0
1506359946,22223969,293.59,9.99000000,1
1506359757,22223819,293.87,17.08100000,1
1506359757,22223818,293.88,5.00000000,1
1506359755,22223814,293.86,6.82750000,1
1506359755,22223813,293.87,0.82000000,1
1506359755,22223812,293.87,0.27150000,1
1506359738,22223801,293.84,7.35909244,1
1506359707,22223779,293.52,3.23781613,1
1506359707,22223778,293.56,7.02300000,1
1506359707,22223777,293.61,0.27200000,1
1506359707,22223776,293.71,0.04000000,1
1506359707,22223775,293.91,0.04000000,1
1506359707,22223774,294.01,0.77000000,1
1506359706,22223773,294.01,6.01058191,1
1506359706,22223772,294.02,12.60660196,1
1506359705,22223770,294.01,0.30261809,0
1506359705,22223769,294.01,0.46680000,0
1506359667,22223740,293.92,1.03970300,0
1506359659,22223731,293.92,0.23000000,1
1506359620,22223704,293.92,1.40471700,0
1506359618,22223699,293.92,0.23000000,0
1506359597,22223686,294.06,0.04000000,1
1506359549,22223664,294.19,0.00068700,1
1506359549,22223663,294.50,0.98152500,1
1506359535,22223654,294.50,11.22047500,1
1506359532,22223649,294.45,12.79800000,0
1506359396,22223547,294.58,9.90352627,1
1506359395,22223546,294.58,1.31605224,1
1506359395,22223545,294.58,1.39842000,0
1506359382,22223534,294.00,1.43623469,1
1506359375,22223531,294.01,1.39842000,1
1506359375,22223530,294.08,0.04000000,1
1506359373,22223529,294.61,0.80904100,0
1506359326,22223500,294.68,7.38679634,1
1506359314,22223482,294.29,1.02708150,1
1506359314,22223481,294.30,0.56475523,1
1506359314,22223480,294.30,0.63693492,1
1506359311,22223476,294.30,0.83705400,0
1506359310,22223474,294.29,4.89463201,1
1506359307,22223466,294.29,0.31109439,1
1506359300,22223414,294.93,4.98100000,0
1506359299,22223405,294.71,3.81147800,1
1506359298,22223403,294.71,0.83705400,1
1506359297,22223397,294.71,1.21242426,1
1506359297,22223391,294.71,6.78000000,1
1506359292,22223381,294.72,4.84000000,0
1506359292,22223380,294.72,1.94000000,0
1506359291,22223375,294.72,4.84000000,0
1506359291,22223374,294.71,25.19000000,0
1506359290,22223373,294.71,4.81000000,0
1506359290,22223372,294.69,0.03000000,0
1506359216,22223315,294.60,1.00000000,0
1506359216,22223314,294.50,3.00000000,0
1506359216,22223313,294.47,2.03755900,0
1506359216,22223312,294.47,0.27100000,0
1506359216,22223311,294.46,13.64630496,0
1506359144,22223254,293.86,20.80384485,1
1506359144,22223253,293.87,9.19615515,1
1506359082,22223194,293.34,0.00807512,1
1506359082,22223193,294.16,2.03968058,1
1506359022,22223160,294.44,0.88938900,0
1506359000,22223149,293.86,25.89085000,1
1506359000,22223148,294.00,1.00000000,1
1506359000,22223147,294.01,0.27100000,1
1506358966,22223125,294.37,3.00000000,0
1506358966,22223124,293.68,0.33990483,1
1506358945,22223104,294.37,6.53605949,0
1506358944,22223101,294.14,0.06447350,0
1506358874,22223054,293.38,12.85709700,1
1506358870,22223048,294.07,5.07811065,0
1506358862,22223041,294.07,8.00000000,0
1506358850,22223030,294.08,2.58546716,0
1506358850,22223029,293.87,0.06453284,0
1506358845,22223024,293.09,30.00000000,1
1506358828,22223013,293.86,11.98599300,0
1506358825,22223007,293.01,29.87131300,1
1506358825,22223006,293.03,0.12868700,1
1506358818,22222999,293.76,0.27000000,1
1506358815,22222996,293.74,2.99186671,1
1506358815,22222995,293.73,2.04269227,0
1506358788,22222956,293.37,0.00007731,0
1506358787,22222950,293.37,6.06236717,0
1506358775,22222936,293.28,5.50000000,1
1506358775,22222935,293.37,0.06453284,1
1506358761,22222924,293.45,0.03000000,0
1506358707,22222877,293.36,3.57739460,1
1506358707,22222876,293.37,0.02334000,1
1506358707,22222875,293.37,0.02334000,1
1506358695,22222854,293.64,0.06447350,1
1506358688,22222843,293.64,0.72219487,1
1506358688,22222841,293.64,4.95346000,0
1506358687,22222840,293.64,6.63426795,1
1506358687,22222838,294.01,0.05000000,1
1506358686,22222837,294.23,0.02327000,1
1506358686,22222836,294.23,0.02327000,1
1506358655,22222786,294.68,0.02320000,0
1506358618,22222749,294.92,4.14628000,0
1506358617,22222748,294.37,6.78000000,1
1506358617,22222747,294.48,0.04000000,1
1506358616,22222746,294.94,0.02320000,0
1506358600,22222699,295.00,0.75000000,1
1506358600,22222698,295.00,18.58224782,1
1506358600,22222697,295.00,5.32031100,1
1506358599,22222694,295.00,22.56399925,1
1506358597,22222687,295.00,7.43600075,1
1506358590,22222677,295.00,0.54814100,1
1506358585,22222662,295.00,77.70000000,1
1506358582,22222658,295.00,9.25146449,1
1506358581,22222657,295.01,0.59000000,1
1506358579,22222654,295.00,8.01197778,1
1506358579,22222653,295.00,0.48697560,1
1506358576,22222638,295.00,77.70000000,1
1506358574,22222634,295.00,10.01792100,1
1506358569,22222615,295.00,30.00000000,1
1506358568,22222613,295.00,4.53520426,1
1506358568,22222609,295.00,10.15895900,1
1506358567,22222607,295.00,2.30258600,1
1506358567,22222606,295.00,1.07556505,1
1506358566,22222605,295.00,1.31768569,1
1506358566,22222604,295.01,0.61000000,1
1506358562,22222593,295.00,77.70000000,1
1506358561,22222591,295.00,5.94058304,1
1506358559,22222588,295.00,7.65000000,1
1506358553,22222584,295.00,0.48420000,1
1506358553,22222583,295.01,0.62000000,1
1506358549,22222577,295.25,3.35909244,0
1506358536,22222557,295.00,2.65000000,1
1506358534,22222553,295.00,0.55255300,1
1506358533,22222546,295.00,7.09743700,1
1506358530,22222509,295.00,21.71207400,1
1506358530,22222504,295.00,13.58320136,1
1506358528,22222496,295.00,3.91484393,1
1506358528,22222492,295.00,28.28792600,1
1506358528,22222491,295.00,3.44088100,1
1506358528,22222490,295.01,0.69000000,1
1506358528,22222488,295.30,13.66970000,1
1506358527,22222483,295.28,0.27030000,0
1506358527,22222480,295.24,0.03000000,0
1506358527,22222479,295.09,0.03000000,0
1506358520,22222466,295.04,6.78000000,1
1506358485,22222420,295.00,6.25287266,1
1506358485,22222419,295.01,0.76000000,1
1506358446,22222389,295.00,23.78585462,1
1506358435,22222382,295.01,0.60000000,1
1506358435,22222381,295.01,8.94632370,1
1506358422,22222371,295.01,0.67000000,1
1506358422,22222370,295.01,1.38025829,1
1506358409,22222363,295.01,0.27030000,1
1506358409,22222362,295.01,0.74000000,1
1506358408,22222361,295.07,0.91984952,1
1506358399,22222354,295.07,0.91971396,1
1506358367,22222339,295.06,7.65255501,0
1506358367,22222338,295.07,6.78000000,1
1506358367,22222337,295.08,3.43940879,1
1506358324,22222289,295.19,10.20689617,1
1506358299,22222276,295.98,0.30202353,0
1506358298,22222275,295.91,0.03000000,0
1506358298,22222274,295.89,0.27010000,0
1506358298,22222273,295.71,0.03000000,0
1506358295,22222271,295.12,10.00000000,0
1506358292,22222270,295.00,2.17735745,1
1506358292,22222268,295.09,0.63000000,1
1506358291,22222266,295.26,0.27000000,0
1506358291,22222265,295.26,0.14000000,1
1506358289,22222264,295.54,0.53000000,1
1506358289,22222263,295.54,2.39000000,1
1506358289,22222262,295.54,3.86264255,1
1506358287,22222261,295.54,0.52950619,1
1506358285,22222252,295.26,2.38785126,0
1506358284,22222250,295.54,6.78000000,0
1506358283,22222247,295.54,0.83214874,1
1506358276,22222241,295.54,1.37500774,1
1506358265,22222233,295.56,0.03000000,0
1506358264,22222231,295.55,0.26999996,0
1506358239,22222214,295.55,0.00000004,0
1506358239,22222213,295.54,13.64630496,0
1506358221,22222195,295.01,2.51965086,1
1506358221,22222194,295.01,0.96000000,1
1506358211,22222184,295.23,4.84000000,1
1506358196,22222175,295.47,9.45623921,1
1506358147,22222126,295.24,4.07151832,1
1506358135,22222104,295.93,12.46259500,0
1506358128,22222080,295.07,0.38694396,0
1506358127,22222078,295.28,0.24000000,1
1506358126,22222077,295.00,7.76117725,1
1506358126,22222076,295.00,1.12882275,1
1506358126,22222075,295.01,1.07000000,1
1506358126,22222074,295.01,0.05000000,1
1506358126,22222073,295.01,4.84000000,0
1506358125,22222071,295.05,0.04000000,1
1506358125,22222070,295.06,4.84000000,1
1506358124,22222068,295.28,0.27000000,1
1506358114,22222056,295.32,10.00000000,1
1506358112,22222052,295.50,1.00000000,0
1506358098,22222041,295.23,10.00000000,1
1506358093,22222023,295.99,7.51762100,1
1506358093,22222017,295.81,0.03000000,0
1506358093,22222016,295.66,0.03000000,0
1506358061,22221979,295.42,15.14458436,1
1506358055,22221976,295.43,10.00000000,1
1506358049,22221973,295.42,9.72990000,1
1506358047,22221972,295.49,0.27010000,1
1506358010,22221952,295.47,0.09876343,1
1506358010,22221951,295.57,0.05520657,1
1506357945,22221901,295.57,0.02479343,1
1506357922,22221885,296.00,1.53900000,0
1506357917,22221881,295.58,0.80100000,1
1506357911,22221876,295.58,0.06967616,1
1506357900,22221854,295.76,6.77999500,1
1506357891,22221838,296.00,0.10000000,0
1506357868,22221802,296.00,5.67901700,0
1506357865,22221801,296.00,2.53739864,1
1506357865,22221800,296.01,5.00000000,1
1506357778,22221762,296.40,3.03208471,0
1506357778,22221760,296.39,3.17008229,0
1506357777,22221759,296.30,0.03000000,0
1506357762,22221752,296.15,0.03000000,0
1506357753,22221748,296.00,0.00000002,0
1506357750,22221747,296.00,3.03208499,0
1506357750,22221746,296.00,4.13699701,0
1506357736,22221740,296.00,1.23084100,0
1506357733,22221738,296.00,5.44117800,0
1506357704,22221726,296.00,0.44446200,0
1506357690,22221721,296.00,16.74652199,0
1506357654,22221697,296.06,1.83000000,1
1506357653,22221696,295.50,3.17008229,1
1506357653,22221695,296.05,1.82991771,1
1506357652,22221693,296.06,5.00000000,1
1506357636,22221679,296.06,10.00000000,1
1506357632,22221676,296.49,4.25000000,0
1506357626,22221665,295.65,1.83000000,0
1506357625,22221662,296.05,8.17000000,1
1506357610,22221649,296.51,0.03000000,0
1506357610,22221648,296.49,1.25000008,0
1506357602,22221636,296.49,3.58999992,0
1506357601,22221635,296.38,6.78000000,0
1506357601,22221634,296.38,0.10000000,0
1506357601,22221633,296.25,0.03000000,0
1506357601,22221632,296.21,0.03000000,0
1506357601,22221631,296.04,0.51525008,0
1506357601,22221630,296.00,0.03000000,0
1506357591,22221608,295.97,1.00000000,0
1506357591,22221607,295.96,0.03000000,0
1506357591,22221606,295.80,0.03000000,0
1506357591,22221605,295.76,0.42816000,0
1506357590,22221603,295.76,6.35184000,0
1506357583,22221573,295.76,0.03000000,0
1506357583,22221572,295.66,0.05000000,0
1506357583,22221571,295.65,0.03000000,0
1506357583,22221570,295.61,0.03000000,0
1506357583,22221569,295.57,0.10015928,0
1506357506,22221528,295.41,20.00000000,1
1506357429,22221446,295.56,2.02502941,0
1506357397,22221425,295.56,2.87154857,0
1506357397,22221424,295.55,2.03011335,0
1506357397,22221423,295.54,1.40000000,0
1506357367,22221393,295.01,9.99107699,0
1506357367,22221392,295.01,1.00979400,0
1506357355,22221379,295.50,1.19938500,0
1506357351,22221372,295.51,4.50133668,1
1506357350,22221371,295.50,3.20306500,0
1506357346,22221364,295.50,1.59749578,1
1506357345,22221363,295.50,6.00604250,1
1506357340,22221358,295.49,0.40796643,0
1506357339,22221357,295.00,5.64117725,1
1506357339,22221356,295.00,0.04000000,1
1506357339,22221355,295.01,0.61781184,1
1506357337,22221354,295.49,0.70101091,1
1506357336,22221353,295.49,10.00000000,0
1506357336,22221352,295.40,2.95000000,0
1506357336,22221351,295.40,6.34898909,0
1506357334,22221349,295.40,3.65101091,0
1506357299,22221327,295.40,0.05000000,0
1506357262,22221289,295.50,15.32984771,1
1506357262,22221288,295.49,6.28772548,1
1506357260,22221287,295.49,3.30961896,0
1506357233,22221259,295.53,4.00000000,0
1506357142,22221170,295.52,1.00000000,0
1506357128,22221154,295.52,0.28086132,0
1506357123,22221145,295.51,2.61679808,1
1506357120,22221142,295.46,1.11155487,0
1506357119,22221141,295.01,4.84000000,1
1506357114,22221138,294.59,8.00000000,1
1506357114,22221137,295.44,4.84000000,0
1506357114,22221136,295.42,10.88000000,0
1506357113,22221135,295.21,0.10028163,0
1506357113,22221134,295.16,0.03000000,0
1506357113,22221133,295.00,1.23714450,0
1506357100,22221125,295.00,0.71856508,0
1506357100,22221124,294.92,0.28143492,0
1506357100,22221123,294.86,0.03000000,0
1506357091,22221120,294.70,1.00000000,0
1506357091,22221119,294.61,0.03000000,0
1506357089,22221118,294.51,0.03000000,0
1506357089,22221117,294.51,0.03000000,0
1506357089,22221116,294.51,0.03000000,0
1506357089,22221115,294.49,0.05000000,0
1506357028,22221072,294.49,3.20000000,0
1506357009,22221040,294.48,0.11063714,0
1506357009,22221039,294.48,1.02000000,0
1506357009,22221037,294.47,0.10000000,0
1506357008,22221033,294.48,1.73936286,0
1506357008,22221030,294.48,1.26063714,0
1506357007,22221029,294.48,0.18936286,0
1506357007,22221028,294.48,2.46080614,0
1506357006,22221025,294.48,2.65919386,0
1506357006,22221023,294.48,0.20796632,0
1506357004,22221019,294.48,1.39203368,0
1506357004,22221018,294.48,0.06000000,0
1506357004,22221017,294.48,5.11951900,0
1506357002,22221013,294.48,1.63048100,1
1506357001,22221010,294.48,0.03000000,0
1506357001,22221008,294.48,6.75000000,0
1506357001,22221006,294.41,0.03000000,0
1506356999,22221003,294.26,0.03000000,0
1506356999,22221002,294.21,0.03000000,0
1506356999,22221001,294.21,0.03000000,0
1506356999,22220999,294.21,0.03000000,0
1506356944,22220941,294.17,0.59452200,0
1506356943,22220940,294.16,5.33668600,0
1506356942,22220936,294.18,0.02000000,1
1506356941,22220934,293.96,0.03000000,0
1506356941,22220932,293.96,0.03000000,0
1506356941,22220930,293.96,0.03000000,0
1506356939,22220928,293.61,0.03000000,0
1506356939,22220927,293.61,0.03000000,0
1506356939,22220926,293.61,0.03000000,0
1506356938,22220920,293.60,0.27200000,0
1506356921,22220880,294.17,8.00000000,0
1506356901,22220875,293.52,0.10000000,1
1506356869,22220856,293.49,1.12011050,1
1506356869,22220855,293.49,0.22988505,1
1506356858,22220853,293.86,0.00011495,0
1506356857,22220849,293.86,0.22988505,0
1506356809,22220795,293.00,10.00000000,1
1506356809,22220794,293.20,0.28143492,1
1506356809,22220793,293.34,2.24244900,1
1506356802,22220787,293.34,3.25755100,1
1506356801,22220786,293.32,1.10553000,1
1506356786,22220783,293.32,0.80000000,1
1506356779,22220778,293.32,0.42876200,1
1506356773,22220775,293.32,0.61510100,1
1506356773,22220774,293.33,0.63000000,1
1506356769,22220772,293.33,0.08269863,1
1506356768,22220771,293.33,0.00000046,1
1506356768,22220769,293.34,2.25159266,1
1506356763,22220763,293.33,1.63502954,0
1506356762,22220762,293.33,0.23000000,1
1506356761,22220760,294.21,2.25159266,1
1506356756,22220758,294.68,1.26299167,0
1506356756,22220757,294.30,0.98250087,0
1506356756,22220756,294.23,0.27070000,0
1506356749,22220754,293.32,2.55060700,1
1506356748,22220752,294.02,3.31509318,0
1506356747,22220750,293.33,0.27070000,1
1506356747,22220749,293.44,0.69000000,1
1506356709,22220706,293.35,0.61771752,1
1506356709,22220705,293.62,0.02999109,1
1506356708,22220704,293.75,0.03000000,1
1506356708,22220703,293.80,0.28086132,1
1506356708,22220702,293.88,0.00000007,1
1506356705,22220697,293.88,5.00000000,1
1506356693,22220678,293.88,6.04968700,1
1506356693,22220675,293.95,5.00000000,1
1506356692,22220673,293.89,6.78000000,1
1506356691,22220672,293.92,0.03000000,1
1506356691,22220671,294.03,0.06738000,1
1506356690,22220665,293.93,0.27200000,1
1506356690,22220663,293.94,3.20602836,1
1506356684,22220646,294.03,1.19276658,0
1506356681,22220638,294.03,2.01318662,1
1506356680,22220637,294.03,1.19284238,1
1506356677,22220634,294.14,3.80878300,1
1506356650,22220623,294.01,0.42878474,1
1506356644,22220622,294.66,3.10715419,0
1506356616,22220606,294.02,0.00000089,0
1506356615,22220604,294.02,1.68352041,1
1506356606,22220601,294.05,0.03000000,1
1506356606,22220600,294.30,0.03000000,1
1506356606,22220599,294.50,0.03000000,1
1506356605,22220597,294.58,0.03000000,0
1506356596,22220590,294.01,0.41856408,0
1506356591,22220582,294.67,1.42950758,0
1506356585,22220576,294.66,0.27200000,0
1506356583,22220571,293.93,0.27200000,0
1506356583,22220570,293.93,3.50735855,0
1506356582,22220568,293.93,6.69802186,0
1506356582,22220567,293.93,2.49053421,0
1506356575,22220561,294.67,0.27100000,0
1506356574,22220560,294.11,0.03799476,0
1506356573,22220558,294.21,0.23170524,1
1506356568,22220552,294.13,4.84000000,1
1506356565,22220548,294.51,0.09887417,0
1506356564,22220546,294.11,0.90370335,1
1506356564,22220545,294.11,0.04865018,1
1506356564,22220544,294.11,0.85505247,1
1506356562,22220540,294.11,31.58165000,1
1506356561,22220538,294.16,0.27100000,1
1506356561,22220537,294.17,0.03000000,1
1506356561,22220536,294.37,0.03000000,1
1506356561,22220535,294.52,0.03000000,1
1506356558,22220532,294.53,10.36000000,1
1506356557,22220519,294.56,1.00000000,0
1506356553,22220495,294.56,1.51653738,0
1506356553,22220494,294.55,1.26387900,0
1506356538,22220484,295.12,2.78041638,0
1506356527,22220467,295.18,0.27100000,0
1506356519,22220455,294.61,4.84000000,1
1506356496,22220412,294.54,2.30857425,1
1506356496,22220411,294.61,4.59314412,1
1506356496,22220410,294.71,0.10028163,1
1506356477,22220379,294.61,0.24685588,1
1506356477,22220378,294.63,0.27100000,1
1506356476,22220377,294.71,0.99130512,1
1506356438,22220343,295.06,3.16730508,1
1506356428,22220338,295.04,4.21834570,1
1506356427,22220337,295.04,0.08935696,1
1506356423,22220329,295.04,0.53229734,1
1506356423,22220328,295.07,0.10015928,1
1506356421,22220327,295.07,12.94948139,1
1506356420,22220326,295.50,0.08269865,1
1506356420,22220325,295.51,0.86733751,1
1506356418,22220324,295.51,1.54293787,1
1506356418,22220323,295.51,0.08269404,1
1506356418,22220322,295.70,0.99883409,1
1506356397,22220297,295.70,16.07703149,1
1506356396,22220296,295.71,2.02396851,1
1506356389,22220293,296.31,3.98794101,1
1506356389,22220292,296.31,2.02490635,0
1506356389,22220291,296.31,0.72000000,0
1506356384,22220286,295.70,1.26584807,1
1506356381,22220277,295.70,13.30037500,1
1506356381,22220276,295.72,0.26970000,1
1506356374,22220257,295.70,0.91592500,1
1506356355,22220209,295.70,17.44198635,1
1506356355,22220208,295.72,0.61531765,1
1506356348,22220198,295.72,5.00000000,1
1506356302,22220158,296.00,0.10001354,0
1506356300,22220156,295.70,1.26584807,0
1506356284,22220143,295.70,2.50000000,0
1506356277,22220136,295.70,0.43703876,0
1506356273,22220129,295.70,0.79904000,0
1506356244,22220098,295.70,2.00000000,0
1506356243,22220097,295.70,1.73722000,0
1506356238,22220094,295.70,2.14085317,0
1506356238,22220093,295.68,0.26907785,0
1506356231,22220076,295.69,0.26950000,0
1506356229,22220069,295.51,0.00000458,0
1506356229,22220068,295.51,2.41147597,0
1506356215,22220045,295.73,0.18648300,0
1506356215,22220044,295.30,26.72490900,0
1506356215,22220043,295.73,0.42376537,0
1506356214,22220042,295.50,0.39259863,0
1506356214,22220041,295.50,2.43740137,0
1506356214,22220040,295.50,2.95414763,0
1506356214,22220039,295.50,0.10001354,0
1506356213,22220038,295.50,0.50583883,1
1506356212,22220036,295.74,2.98006891,0
1506356209,22220031,295.77,11.29500000,1
1506356209,22220030,296.09,3.31345054,1
1506356207,22220026,296.10,1.94000000,1
1506356207,22220025,296.10,4.84000000,1
1506356187,22220017,296.09,2.62150000,1
1506356187,22220016,296.10,0.26950000,1
1506356187,22220015,296.24,0.26900000,1
1506356187,22220014,296.50,0.80000000,1
1506356155,22219986,296.50,3.80000000,1
1506356155,22219985,296.70,0.12825300,1
1506356151,22219984,296.70,0.27174700,1
1506356148,22219982,296.70,9.60000000,1
1506356138,22219975,296.50,0.40000000,1
1506356119,22219955,296.31,3.36130000,1
1506356051,22219856,296.90,1.00000000,0
1506356003,22219829,297.01,1.04535200,0
1506356002,22219828,297.01,0.53524500,0
1506356002,22219827,297.00,0.26910000,0
1506355992,22219821,296.25,4.03788152,1
1506355979,22219808,296.22,5.00000000,1
1506355979,22219807,297.00,0.84748835,1
1506355977,22219806,297.00,0.15251165,0
1506355967,22219802,297.00,0.63793500,0
1506355967,22219801,297.00,0.36206500,0
1506355961,22219797,296.16,0.69682357,1
1506355958,22219795,296.76,0.10000000,1
1506355958,22219794,296.76,0.10000000,1
1506355958,22219793,296.76,0.10000000,1
1506355950,22219787,296.80,0.10000000,1
1506355950,22219786,296.80,0.10000000,1
1506355946,22219782,296.80,0.10000000,1
1506355945,22219780,296.83,0.10000000,1
1506355945,22219779,296.83,0.10000000,1
1506355945,22219778,296.83,0.10000000,1
1506355945,22219777,296.85,0.10000000,1
1506355945,22219776,296.85,0.10000000,1
1506355941,22219774,296.85,0.10000000,1
1506355941,22219773,296.87,0.10000000,1
1506355941,22219772,296.87,0.10000000,1
1506355941,22219771,296.89,0.10000000,1
1506355934,22219762,296.87,0.10000000,1
1506355933,22219761,296.89,0.10000000,1
1506355933,22219760,296.89,0.10000000,1
1506355930,22219759,296.62,0.09980413,0
