date,tid,price,amount,type
1506381159,22238590,1.18289,36.73356,1
1506380856,22238441,1.18249,22.72967,1
1506380855,22238440,1.18250,37.27033,1
1506377946,22236946,1.18223,79.99290,1
1506377898,22236915,1.18205,100.00000,1
1506377703,22236766,1.18218,420.58148,1
1506377702,22236764,1.18217,304.01695,1
1506377701,22236763,1.18216,420.99999,0
1506377701,22236762,1.18214,665.95548,0
1506377701,22236760,1.18215,59.91447,1
1506377700,22236757,1.18215,13.61130,1
1506377698,22236749,1.18216,607.16424,1
1506377572,22236638,1.18220,64.87161,1
1506377572,22236635,1.18295,8.64698,1
1506377198,22236372,1.18213,60.00000,0
1506376783,22235834,1.18654,241.59358,1
1506376780,22235826,1.18654,23.57318,1
1506376671,22235673,1.18750,1246.24724,0
1506376619,22235592,1.18750,213.95000,0
1506376408,22235511,1.18750,681.09000,0
1506376398,22235508,1.18750,681.09000,0
1506376396,22235505,1.18750,756.33000,0
1506376252,22235421,1.18750,1343.40825,0
1506376252,22235419,1.18749,0.02058,0
1506376248,22235409,1.18749,19.89958,0
1506376161,22235359,1.18655,168.05984,0
1506376121,22235338,1.18655,31.85000,1
1506375877,22235123,1.18708,175.78803,0
1506375875,22235120,1.18708,887.41000,0
1506375871,22235114,1.18708,713.61000,0
1506375859,22235101,1.18708,1083.06000,0
1506375849,22235091,1.18708,503.44540,0
1506375840,22235081,1.18708,281.40478,0
1506375839,22235077,1.18708,221.97323,0
1506375821,22235054,1.18708,67.18000,0
1506375811,22235050,1.18708,66.12856,0
1506375811,22235049,1.18700,1.05308,0
1506375765,22235034,1.18700,522.53768,0
1506375745,22235003,1.18700,12.98573,0
1506375740,22234997,1.18700,754.09992,0
1506375735,22234979,1.18700,138.44425,0
1506375735,22234976,1.18700,3570.87934,0
1506375731,22234953,1.18652,265.35197,0
1506375730,22234951,1.18602,0.00054,0
1506375711,22234918,1.18602,543.11000,0
1506375681,22234867,1.18602,754.14059,0
1506375678,22234860,1.18602,754.14059,0
1506375594,22234714,1.18602,343.39000,0
1506375592,22234709,1.18602,753.20000,0
1506375543,22234637,1.18602,284.88960,0
1506375542,22234636,1.18601,50.00000,0
1506375539,22234635,1.18601,109.87523,0
1506375524,22234624,1.18601,120.64567,0
1506375192,22234432,1.18600,202.30261,1
1506375135,22234388,1.18601,202.28208,0
1506374995,22234207,1.18601,325.41000,0
1506374969,22234193,1.18602,567.12868,0
1506374969,22234192,1.18559,2548.11648,0
1506374551,22234025,1.18559,15.70491,0
1506373991,22233830,1.18556,261.89020,1
1506373990,22233829,1.18556,783.98395,0
1506373862,22233764,1.18555,495.94115,0
1506373359,22233479,1.18556,216.01605,0
1506371747,22232461,1.18090,40.13030,1
1506371747,22232460,1.18092,40.10890,1
1506371746,22232456,1.18063,0.00604,0
1506371743,22232446,1.18065,527.23654,1
1506371742,22232445,1.18091,40.24604,1
1506371742,22232442,1.18091,970.00000,1
1506371715,22232386,1.18559,362.06032,0
1506371711,22232378,1.18558,197.81470,0
1506371639,22232220,1.18559,213.62508,0
1506371635,22232201,1.18559,1140.23253,0
1506371634,22232198,1.18559,1346.14000,0
1506371632,22232194,1.18559,753.33996,0
1506371628,22232182,1.18558,119.56062,0
1506371594,22232106,1.18558,12.40895,0
1506371586,22232095,1.18559,201.60000,0
1506371585,22232088,1.18559,201.60000,0
1506371584,22232083,1.18559,5.76451,0
1506371529,22231974,1.18559,239.64683,0
1506371528,22231971,1.18559,91.06000,0
1506371527,22231968,1.18559,1099.80553,0
1506371527,22231966,1.18558,240.00000,0
1506371524,22231959,1.18559,199.96000,0
1506371520,22231940,1.18558,188.71000,0
1506371517,22231930,1.18558,198.29000,0
1506371501,22231901,1.18559,94.30000,0
1506371499,22231890,1.18559,196.85000,0
1506371478,22231840,1.18559,1339.18072,0
1506371449,22231765,1.18559,243.15186,0
1506371328,22231614,1.18559,409.84507,0
1506371324,22231610,1.18559,5.84524,0
1506371210,22231522,1.18558,401.90000,0
1506370808,22231312,1.18508,827.04693,0
1506370803,22231292,1.18118,0.01000,0
1506370802,22231289,1.18118,999.99000,0
1506370378,22231133,1.18116,298.17449,0
1506369722,22230745,1.18117,64.61000,1
1506369686,22230697,1.18154,0.00002,0
1506369685,22230696,1.18154,277.38364,0
1506369685,22230695,1.18154,44.52664,0
1506369677,22230687,1.18118,277.39062,1
1506369677,22230686,1.18182,18.93210,1
1506369437,22230495,1.18118,87.11200,1
1506369437,22230494,1.18118,45.05314,1
1506369437,22230491,1.18126,45.70460,1
1506369436,22230487,1.18131,45.36423,1
1506369320,22230400,1.18124,0.00003,0
1506369320,22230399,1.18124,45.75340,0
1506369318,22230392,1.18116,365.45028,0
1506369316,22230387,1.18116,45.75574,0
1506369315,22230380,1.18124,45.75343,1
1506369102,22230228,1.18508,322.59000,0
1506369101,22230226,1.18508,196.82373,0
1506369100,22230222,1.18508,269.10000,0
1506369098,22230216,1.18507,139.89890,0
1506369098,22230215,1.18507,196.82539,0
1506369044,22230168,1.18508,285.58000,0
1506368991,22230127,1.18500,50.96000,0
1506368973,22230122,1.18500,180.42000,0
1506368965,22230115,1.18500,334.62000,0
1506368869,22230053,1.18500,493.62000,0
1506368827,22230028,1.18500,1468.07000,0
1506368825,22230024,1.18500,626.81000,0
1506368824,22230019,1.18500,1845.50000,0
1506368822,22230016,1.18498,626.76945,0
1506368822,22230014,1.18498,196.64000,0
1506368793,22229990,1.18498,72.37000,0
1506368786,22229983,1.18498,104.22055,0
1506368618,22229854,1.18498,678.56000,0
1506368032,22229411,1.18317,42.36627,1
1506366334,22228580,1.18180,59.00000,0
1506366196,22228539,1.18148,51.12276,1
1506365938,22228348,1.18085,0.25035,0
1506365936,22228346,1.18087,62.45556,1
1506365395,22228074,1.18059,26.37512,0
1506365395,22228073,1.18058,124.66648,0
1506365393,22228072,1.18059,26.37793,1
1506365392,22228069,1.18059,44.42000,1
1506364598,22227727,1.18074,65.29988,1
1506364487,22227616,1.18058,390.07999,1
1506364347,22227495,1.18068,64.99645,1
1506364341,22227483,1.18069,78.86725,1
1506364341,22227482,1.18069,206.98049,1
1506364055,22227221,1.18500,49.13738,1
1506364054,22227220,1.18506,0.01030,1
1506364053,22227214,1.18506,72.75581,1
1506364004,22227164,1.18508,836.88613,0
1506364001,22227162,1.18508,1261.97321,0
1506363998,22227154,1.18506,459.75995,0
1506363997,22227148,1.18506,74.31000,0
1506363993,22227145,1.18506,465.93005,0
1506363993,22227141,1.18500,0.00001,0
1506363992,22227138,1.18500,49.22777,0
1506363991,22227135,1.18500,515.07896,0
1506363974,22227121,1.18500,37.15000,0
1506363970,22227117,1.18500,49.77000,0
1506363970,22227114,1.18500,49.80157,0
1506363871,22227036,1.18500,180.42543,0
1506363847,22227025,1.18500,62.21624,0
1506363523,22226834,1.18500,449.05000,0
1506363517,22226825,1.18500,773.16454,0
1506363498,22226802,1.18499,486.22139,1
1506363497,22226800,1.18499,344.09000,0
1506363495,22226798,1.18500,308.33000,0
1506363493,22226794,1.18499,299.59000,1
1506363491,22226790,1.18499,1610.31000,0
1506363469,22226768,1.18499,1749.23928,0
1506363301,22226677,1.18499,492.00000,0
1506361880,22225856,1.18505,494.00000,0
1506361833,22225826,1.18505,230.05000,0
1506361226,22225379,1.18505,174.59000,0
1506361127,22225309,1.18056,460.04256,1
1506361127,22225307,1.18079,20.34744,1
1506360874,22225127,1.18496,99.88014,0
1506360817,22225046,1.18496,56.72121,0
1506360814,22225032,1.18496,56.72121,0
1506360795,22224987,1.18062,56.69000,1
1506360794,22224986,1.18496,56.69000,0
1506360786,22224980,1.18493,56.69000,1
1506360784,22224975,1.18495,56.69000,0
1506360771,22224969,1.18495,864.54528,0
1506360625,22224828,1.18059,12.57999,1
1506360591,22224790,1.18496,32.85628,0
1506360580,22224772,1.18053,31.32790,0
1506360579,22224761,1.18495,539.42349,0
1506360481,22224490,1.18052,0.15739,0
1506360480,22224484,1.18052,31.31980,0
1506360437,22224405,1.18002,553.34270,1
1506360437,22224401,1.18003,30.81652,1
1506360432,22224386,1.18002,584.15922,1
1506360429,22224384,1.18002,545.11057,0
1506360429,22224383,1.18002,31.15707,0
1506360427,22224379,1.18002,31.37213,1
1506360426,22224375,1.18002,31.36078,1
1506360425,22224372,1.18004,31.32790,1
1506360424,22224366,1.18003,565.75685,1
1506360421,22224358,1.18054,31.32790,1
1506360322,22224267,1.18019,76.92596,1
1506360044,22224026,1.18015,58.85000,1
1506359589,22223680,1.18495,273.86648,1
1506359588,22223678,1.18495,1020.00000,0
1506359328,22223504,1.18488,301.04990,0
1506359326,22223499,1.18489,183.70000,0
1506359301,22223427,1.18498,115.14000,0
1506359301,22223426,1.18498,926.75945,0
1506359301,22223425,1.18498,17.00441,0
1506359301,22223423,1.18498,255.06608,0
1506359300,22223412,1.18498,1859.99000,1
1506359297,22223390,1.18499,599.84633,0
1506358668,22222801,1.18001,445.15687,1
1506358627,22222767,1.18001,448.16000,1
1506358591,22222678,1.18001,68.49000,1
1506358588,22222673,1.18001,94.95442,1
1506358577,22222649,1.18008,259.22255,1
1506358577,22222647,1.18008,554.66480,1
1506358577,22222644,1.18008,94.95442,1
1506358576,22222643,1.18008,87.76000,1
1506358575,22222636,1.18008,1363.23012,1
1506358575,22222635,1.18008,135.60000,1
1506358574,22222633,1.18008,554.84257,1
1506358574,22222631,1.18008,88.36000,1
1506358573,22222628,1.18008,650.07197,1
1506358563,22222598,1.18008,134.54000,1
1506358562,22222594,1.18008,76.75357,1
1506358562,22222592,1.18010,57.78643,1
1506358551,22222580,1.18010,134.05000,1
1506358546,22222574,1.18010,8.16357,1
1506358546,22222573,1.18010,6.77909,1
1506358545,22222572,1.18011,3333.76412,1
1506358541,22222565,1.18011,133.56000,1
1506358540,22222564,1.18011,323.63418,1
1506358537,22222560,1.18011,180.78560,1
1506358536,22222558,1.18011,180.59955,1
1506358534,22222552,1.18011,155.91404,1
1506358531,22222511,1.18011,209.10399,1
1506358530,22222510,1.18011,635.45605,1
1506358529,22222498,1.18011,135.79943,1
1506358528,22222495,1.18011,206.17755,1
1506358527,22222484,1.18011,89.19999,1
1506358508,22222452,1.18011,89.48000,1
1506358440,22222385,1.18011,1589.99804,1
1506358438,22222383,1.18011,650.07195,1
1506358424,22222375,1.18011,345.59999,1
1506358413,22222364,1.18011,230.31999,1
1506358403,22222355,1.18011,230.28999,1
1506358165,22222152,1.18015,1736.87049,1
1506358165,22222151,1.18015,540.23742,1
1506358164,22222149,1.18015,127.38534,1
1506358162,22222146,1.18015,56.38000,1
1506358137,22222116,1.18015,62.63998,1
1506358136,22222113,1.18015,477.59744,1
1506358134,22222103,1.18015,747.33874,1
1506358134,22222102,1.18015,1086.01264,1
1506358133,22222096,1.18015,724.03612,1
1506358132,22222094,1.18015,192.37735,1
1506358132,22222092,1.18015,747.07001,1
1506358099,22222043,1.18015,156.91999,1
1506358095,22222035,1.18015,156.92149,1
1506358090,22222010,1.18015,156.91304,1
1506358063,22221980,1.18015,1283.95999,1
1506358000,22221942,1.18015,241.90690,1
1506357902,22221861,1.18015,3314.84526,1
1506357902,22221860,1.18020,6.77851,1
1506357902,22221858,1.18030,6.77794,1
1506357901,22221856,1.18040,6.77736,1
1506357901,22221855,1.18050,6.77679,1
1506357515,22221530,1.18054,197.95501,0
1506357486,22221511,1.18054,202.04499,0
1506357452,22221471,1.18054,100.00000,1
1506357329,22221343,1.18054,199.99323,1
1506357242,22221268,1.18550,95.73538,1
1506357206,22221220,1.18555,279.76103,1
1506357206,22221219,1.18555,83.82909,1
1506357206,22221217,1.18555,57.31325,0
1506356857,22220850,1.18053,57.30238,1
1506356837,22220835,1.18053,303.19963,1
1506356766,22220765,1.18053,20.58497,1
1506356747,22220751,1.18053,826.53554,1
1506356620,22220609,1.18052,419.86999,1
1506356597,22220592,1.18052,75.38204,1
1506356597,22220591,1.18052,407.82782,1
1506356595,22220589,1.18052,1289.97217,1
1506356583,22220572,1.18052,851.55000,1
1506356565,22220547,1.18052,24.69334,1
1506356516,22220444,1.18052,466.28189,1
1506356514,22220439,1.18052,466.28189,1
1506356503,22220423,1.18052,775.93281,1
1506356497,22220415,1.18052,4055.92022,1
1506356493,22220405,1.18052,12.63744,1
1506356493,22220403,1.18053,2746.00305,1
1506356487,22220388,1.18053,249.92576,1
1506356374,22220261,1.18053,224.20181,1
1506356374,22220260,1.18054,40.00000,1
1506356366,22220240,1.18053,0.35860,1
1506356366,22220239,1.18054,70.00000,1
1506356361,22220228,1.18053,0.69434,1
1506356361,22220227,1.18054,140.00000,1
1506356232,22220080,1.18053,603.95406,1
1506356229,22220074,1.18054,65.06299,1
1506356229,22220073,1.18055,259.27700,1
1506356229,22220071,1.18055,20.72300,1
1506356215,22220046,1.18055,20.72467,1
1506355863,22219655,1.18054,245.17594,0
1506355862,22219653,1.18056,409.99535,1
1506355843,22219636,1.18055,799.99999,1
1506355690,22219355,1.18589,411.93085,1
1506355619,22219162,1.18592,1376.92128,1
1506355618,22219158,1.18601,171.88000,0
1506355617,22219154,1.18590,1879.99000,1
1506355540,22218913,1.18171,7.35913,0
1506355540,22218911,1.18120,0.83594,0
1506355526,22218901,1.18053,140.00000,1
1506355177,22218463,1.18053,128.15001,1
1506355176,22218460,1.18053,29.60998,1
1506355175,22218458,1.18053,128.15002,1
1506355157,22218416,1.18053,81.36584,1
1506355151,22218413,1.18053,125.26001,1
1506355122,22218378,1.18053,232.42999,1
1506355089,22218345,1.18053,85.78412,1
1506355080,22218332,1.18120,942.63714,0
1506355039,22218290,1.18058,65.79817,1
1506355030,22218279,1.18060,82.44508,0
1506354943,22218189,1.18053,888.61892,1
1506354938,22218179,1.18053,127.25590,1
1506354761,22218019,1.18053,123.33205,1
1506354761,22218017,1.18054,8.92269,1
1506354752,22217994,1.18053,1280.79678,1
1506354744,22217973,1.18053,1378.48878,1
1506354744,22217967,1.18053,84.28142,1
1506354730,22217938,1.18053,124.81321,1
1506354697,22217908,1.18053,452.55945,1
1506354678,22217886,1.18053,157.68559,1
1506354678,22217884,1.18053,111.31495,1
1506354676,22217882,1.18053,1377.61104,1
1506354676,22217879,1.18053,28.50947,1
1506354675,22217878,1.18053,111.38192,1
1506354674,22217876,1.18053,875.63000,1
1506354674,22217874,1.18053,527.91071,1
1506354673,22217869,1.18053,1633.09786,1
1506354673,22217865,1.18053,875.63214,1
1506354672,22217860,1.18053,875.64000,1
1506354672,22217855,1.18053,1375.59987,1
1506354671,22217849,1.18053,129.38266,1
1506354670,22217845,1.18053,111.40695,1
1506354661,22217832,1.18053,591.23734,1
1506354660,22217830,1.18053,129.38265,1
1506354656,22217826,1.18053,591.23735,1
1506354655,22217825,1.18053,129.38264,1
1506354643,22217800,1.18053,232.62673,1
1506354638,22217791,1.18053,307.08593,1
1506354635,22217784,1.18053,307.08593,1
1506354622,22217766,1.18053,157.24000,1
1506354590,22217728,1.18053,678.69999,1
1506354589,22217726,1.18053,211.90000,1
1506354561,22217656,1.18053,2450.17553,1
1506354550,22217635,1.18053,952.53289,1
1506354545,22217625,1.18053,701.49441,1
1506354545,22217622,1.18054,251.03848,1
1506354538,22217617,1.18053,0.76876,1
1506354538,22217616,1.18054,706.65529,1
1506354533,22217610,1.18054,0.44059,1
1506354533,22217609,1.18055,252.96646,1
1506354530,22217600,1.18053,0.44564,1
1506354530,22217598,1.18054,255.86093,1
1506354523,22217573,1.18060,13.28339,1
1506354500,22217515,1.18053,69.81000,1
1506354499,22217512,1.18120,56.52692,0
1506354498,22217511,1.18120,13.28308,0
1506354494,22217505,1.18053,62.05695,1
1506354494,22217504,1.18055,43.44000,1
1506354494,22217503,1.18060,6.77622,1
1506354493,22217502,1.18070,6.77564,1
1506354493,22217500,1.18090,6.77449,1
1506354382,22217355,1.18092,677.99763,1
1506354382,22217353,1.18092,125.82330,1
1506354367,22217299,1.18092,116.11312,1
1506354366,22217297,1.18092,80.06595,1
1506354366,22217296,1.18100,1.16129,1
1506354362,22217287,1.18100,197.34036,1
1506354359,22217276,1.18103,21.84194,1
1506354347,22217243,1.18103,1.32877,1
1506354347,22217242,1.18105,230.53798,1
1506354302,22217174,1.18105,27.11750,1
1506354289,22217139,1.18105,67.76999,1
1506354274,22217119,1.18105,98.88224,1
1506354274,22217117,1.18105,202.16061,1
1506354267,22217104,1.18105,58.60733,1
1506354266,22217101,1.18105,98.82213,1
1506354263,22217096,1.18105,78.36336,1
1506354261,22217089,1.18105,43.43739,1
1506354260,22217088,1.18105,94.30147,1
1506354260,22217086,1.18110,6.77335,1
1506354260,22217085,1.18122,6.21391,1
1506354260,22217084,1.18130,6.77220,1
1506354259,22217083,1.18146,0.24270,1
1506354255,22217064,1.18146,18.08198,1
1506354179,22216929,1.18146,284.18956,1
1506354179,22216928,1.18146,45.35022,1
1506354177,22216922,1.18146,329.40066,1
1506354176,22216918,1.18146,322.73488,1
1506354176,22216917,1.18150,6.77105,1
1506354175,22216916,1.18170,0.03385,1
1506354165,22216891,1.18170,6.73606,1
1506354086,22216735,1.18173,1553.33532,1
1506354064,22216715,1.18173,414.01686,1
1506354064,22216714,1.18174,1.03313,1
1506354062,22216705,1.18174,205.59271,1
1506353684,22216140,1.18173,284.24747,1
1506353679,22216120,1.18174,121.44817,1
1506353664,22216046,1.18706,324.43671,1
1506353663,22216040,1.18650,70.80548,0
1506353663,22216035,1.18652,1475.06998,1
1506353660,22215999,1.18652,8.40167,0
1506353650,22215945,1.18173,200.00000,1
1506353578,22215873,1.18173,1548.40035,1
1506353578,22215872,1.18190,6.76876,1
1506353577,22215871,1.18199,1000.00000,1
1506353577,22215870,1.18199,194.46770,1
1506353577,22215869,1.18199,10.01370,1
1506353576,22215868,1.18199,10.01370,1
1506353576,22215867,1.18199,10.01370,1
1506353575,22215865,1.18199,10.01370,1
1506353575,22215864,1.18199,10.01370,1
1506353575,22215863,1.18199,10.01370,1
1506353574,22215862,1.18199,10.01370,1
1506353574,22215861,1.18199,10.01370,1
1506353574,22215860,1.18199,10.01370,1
1506353573,22215859,1.18199,10.01370,1
1506353573,22215858,1.18199,10.01370,1
1506353573,22215857,1.18199,10.01370,1
1506353572,22215856,1.18199,10.01370,1
1506353572,22215855,1.18199,10.01370,1
1506353572,22215854,1.18199,10.01370,1
1506353571,22215853,1.18199,10.01370,1
1506353571,22215852,1.18199,10.01370,1
1506353571,22215850,1.18199,10.01370,1
1506353570,22215849,1.18199,10.01370,1
1506353570,22215848,1.18199,10.01370,1
1506353569,22215847,1.18199,10.01370,1
1506353569,22215846,1.18199,62.80840,1
1506353569,22215845,1.18199,363.16040,1
1506353568,22215844,1.18199,9.95740,1
1506353568,22215843,1.18199,9.95740,1
1506353568,22215842,1.18199,9.95740,1
1506353567,22215841,1.18199,9.95740,1
1506353567,22215840,1.18199,9.95740,1
1506353567,22215839,1.18199,9.95740,1
1506353566,22215838,1.18199,9.95740,1
1506353566,22215837,1.18199,9.95740,1
1506353565,22215836,1.18199,9.95740,1
1506353565,22215835,1.18199,9.95740,1
1506353565,22215834,1.18199,9.95740,1
1506353564,22215833,1.18199,9.95740,1
1506353564,22215832,1.18199,9.95740,1
1506353564,22215831,1.18199,9.95740,1
1506353563,22215830,1.18199,9.95740,1
1506353563,22215828,1.18199,9.95740,1
1506353562,22215827,1.18199,9.95740,1
1506353562,22215826,1.18200,134.20519,1
1506353562,22215825,1.18200,865.79481,1
1506353561,22215824,1.18208,4000.00000,1
1506353561,22215823,1.18210,6.76762,1
1506353560,22215822,1.18230,6.76647,1
1506353560,22215821,1.18240,6.76590,1
1506353559,22215820,1.18248,0.00601,1
1506353559,22215819,1.18248,424.52489,1
1506353496,22215771,1.18248,96.52755,1
1506353184,22215334,1.18248,442.98756,1
1506353183,22215332,1.18248,11.97648,1
1506353183,22215331,1.18248,11.99475,1
1506353182,22215328,1.18248,11.98276,1
1506353182,22215327,1.18250,0.00845,1
1506353180,22215323,1.18250,999.99155,1
1506353179,22215320,1.18250,6.76533,1
1506353176,22215312,1.18251,694.16076,1
1506353176,22215310,1.18251,281.41787,1
1506353174,22215305,1.18251,740.62000,1
1506353174,22215302,1.18251,987.80871,1
1506353173,22215297,1.18251,34.23129,1
1506353172,22215292,1.18251,495.73000,1
1506353170,22215284,1.18251,1022.08000,1
1506353169,22215279,1.18251,2192.48647,1
1506353169,22215276,1.18251,247.78353,1
1506353168,22215275,1.18251,247.78352,1
1506353166,22215270,1.18251,1021.73344,1
1506353163,22215265,1.18251,244.10788,1
1506353160,22215261,1.18251,244.03177,1
1506353160,22215258,1.18251,1170.59339,1
1506353158,22215254,1.18251,1021.39000,1
1506353157,22215251,1.18251,247.78659,1
1506353150,22215244,1.18251,39.10499,1
1506353137,22215236,1.18251,1507.78998,1
1506353131,22215225,1.18251,79.51730,1
1506353100,22215199,1.18251,648.18903,1
1506353082,22215179,1.18251,248.64710,1
1506353081,22215173,1.18251,399.54289,1
1506353048,22215141,1.18251,739.17285,1
1506353048,22215137,1.18251,4448.28865,1
1506353047,22215134,1.18251,1044.70715,1
1506353045,22215132,1.18251,739.17284,1
1506353034,22215101,1.18251,844.51718,1
1506353025,22215088,1.18251,1571.90655,1
1506353018,22215073,1.18251,614.63998,1
1506353017,22215072,1.18251,127.05412,1
1506353016,22215068,1.18251,267.97999,1
1506353016,22215067,1.18251,1465.23968,1
1506353015,22215064,1.18251,614.63999,1
1506353015,22215063,1.18251,286.57001,1
1506353012,22215055,1.18251,267.95000,1
1506353012,22215054,1.18251,901.11000,1
1506353009,22215048,1.18251,3197.58074,1
1506353007,22215039,1.18251,157.86998,1
1506353001,22215025,1.18251,108.45000,1
1506352988,22215006,1.18251,371.96402,1
1506352988,22215005,1.18251,266.31998,1
1506352985,22214998,1.18251,41.01000,1
1506352951,22214958,1.18251,1.06246,1
1506352951,22214956,1.18252,142.22645,1
1506352927,22214920,1.18252,38.16754,1
1506352887,22214822,1.18251,1084.62662,1
1506352883,22214816,1.18252,178.51494,1
1506352641,22214591,1.18251,1094.91954,1
1506352637,22214571,1.18251,1375.54599,1
1506352634,22214565,1.18251,1.46193,1
1506352634,22214563,1.18252,279.27675,1
1506352631,22214556,1.18251,1.46428,1
1506352630,22214554,1.18252,279.27675,1
1506352575,22214413,1.18252,51.00000,1
1506352291,22214025,1.18252,57.17999,1
1506352288,22214022,1.18252,0.44203,0
1506352287,22214014,1.18252,56.70796,1
1506352287,22214013,1.18252,127.43457,1
1506352286,22214012,1.18252,49.45105,1
1506352286,22214008,1.18254,57.08895,1
1506352171,22213797,1.18251,105.35814,1
1506352170,22213795,1.18252,125.18122,1
1506352159,22213760,1.18252,57.15000,1
1506352138,22213729,1.18252,37.01084,1
1506352138,22213728,1.18300,20.16458,1
1506352127,22213686,1.18253,32.93999,0
1506352127,22213684,1.18253,106.60000,0
1506352062,22213601,1.18252,59.66000,1
1506352050,22213590,1.18252,74.27999,1
1506352049,22213589,1.18252,74.25000,1
1506352035,22213568,1.18251,352.12637,1
1506352031,22213561,1.18251,22.25064,1
1506352026,22213558,1.18252,162.13935,1
1506352026,22213557,1.18252,42.40979,1
1506352014,22213530,1.18252,108.46000,1
1506352004,22213510,1.18252,40.76952,1
1506351987,22213471,1.18251,69.06609,1
1506351987,22213468,1.18252,166.27390,1
1506351983,22213451,1.18253,42.41000,0
1506351978,22213435,1.18252,84.93548,0
1506351977,22213431,1.18252,132.68027,1
1506351973,22213405,1.18252,66.70557,1
1506351940,22213326,1.18252,37.43732,1
1506351824,22213147,1.18251,1119.94124,1
1506351824,22213146,1.18252,172.76839,1
1506351812,22213124,1.18252,126.91906,1
1506351786,22213058,1.18252,66.71000,0
1506351784,22213056,1.18251,98.84403,1
1506351782,22213043,1.18251,98.79731,1
1506351778,22213033,1.18252,254.24275,1
1506351771,22213015,1.18251,2096.66650,1
1506351765,22213003,1.18251,0.31604,1
1506351765,22213002,1.18252,289.67324,1
1506351758,22212981,1.18251,296.91484,1
1506351755,22212968,1.18251,655.39017,1
1506351751,22212954,1.18251,0.29941,1
1506351751,22212953,1.18252,358.31930,1
1506351740,22212922,1.18251,37.43255,1
1506351735,22212906,1.18251,487.20918,1
1506351735,22212905,1.18252,175.59646,1
1506351734,22212899,1.18252,265.53000,0
1506351731,22212889,1.18251,662.80564,1
1506351731,22212888,1.18251,2634.58000,1
1506351726,22212872,1.18251,127.02293,1
1506351726,22212871,1.18251,97.39709,1
1506351723,22212853,1.18251,582.01901,1
1506351723,22212851,1.18252,543.11021,1
1506351719,22212835,1.18251,1164.44463,1
1506351708,22212812,1.18251,2035.94476,1
1506351707,22212811,1.18252,600.18524,1
1506351704,22212807,1.18251,201.28270,1
1506351703,22212805,1.18252,2087.76381,1
1506351703,22212802,1.18252,476.81989,1
1506351700,22212798,1.18252,186.44000,1
1506351698,22212795,1.18300,186.30511,1
1506351695,22212790,1.18300,3243.36074,1
1506351695,22212788,1.18301,80.00000,1
1506351691,22212777,1.18302,31.24000,1
1506351689,22212773,1.18300,748.28003,1
1506351689,22212772,1.18300,179.40998,1
1506351689,22212771,1.18300,31.23999,1
1506351689,22212769,1.18300,230.00000,1
1506351688,22212768,1.18302,180.00000,1
1506351687,22212765,1.18301,663.25989,1
1506351661,22212723,1.18253,238.89342,1
1506351656,22212711,1.18253,50.08000,1
1506351655,22212708,1.18253,179.23413,1
1506351629,22212678,1.18254,838.08000,0
1506351622,22212671,1.18253,20.68912,1
1506351622,22212668,1.18253,699.02000,1
1506351621,22212665,1.18255,803.49002,1
1506351621,22212663,1.18255,61.51998,1
1506351618,22212652,1.18253,663.84474,1
1506351610,22212631,1.18252,203.93000,1
1506351601,22212591,1.18253,273.10000,1
1506351586,22212560,1.18254,403.97551,1
1506351585,22212556,1.18253,37.53000,0
1506351583,22212552,1.18252,57.42793,1
1506351577,22212539,1.18253,16.34999,1
1506351564,22212512,1.18257,293.40651,1
1506351555,22212497,1.18253,150.74459,0
1506351550,22212486,1.18258,68.32937,0
1506351548,22212485,1.18257,446.21656,1
1506351548,22212484,1.18257,22.62999,1
1506351453,22212317,1.18281,100.03999,0
1506351448,22212307,1.18253,229.78000,1
1506351446,22212304,1.18259,68.32937,1
1506351436,22212291,1.18293,68.32937,1
1506351357,22212204,1.18293,69.06459,1
1506351355,22212194,1.18292,115.21999,1
1506351355,22212192,1.18292,139.03094,1
1506351355,22212191,1.18292,11.76906,1
1506351310,22212153,1.18278,25.03000,1
1506351286,22212129,1.18269,25.03000,1
1506351277,22212123,1.18265,106.78000,1
1506351275,22212117,1.18263,36.36093,1
1506351274,22212116,1.18263,70.41907,1
1506351244,22212032,1.18281,0.47638,1
1506351244,22212031,1.18282,83.01967,1
1506351111,22211780,1.18838,79.70379,0
1506351098,22211723,1.18838,105.95000,0
1506350998,22211501,1.18838,510.13807,0
1506350979,22211450,1.18868,203.27000,0
1506350969,22211418,1.18867,242.65182,0
1506350969,22211417,1.18867,1000.00000,0
1506350947,22211348,1.18867,2082.08654,0
1506350733,22210857,1.18445,118.24113,0
1506350729,22210850,1.18445,162.06507,0
1506350729,22210848,1.18445,100.20875,0
1506350721,22210811,1.18445,444.85000,0
1506350719,22210799,1.18445,489.98265,0
1506350698,22210735,1.18402,330.14663,0
1506350564,22210364,1.18252,1.73094,1
1506350564,22210363,1.18400,1690.40453,1
1506350524,22210254,1.18400,783.80999,1
1506350511,22210222,1.18402,269.76896,1
1506350509,22210213,1.18401,284.32009,1
1506350507,22210201,1.18401,1317.28476,1
1506350476,22210106,1.18403,35.65805,1
1506350476,22210105,1.18403,49.85945,1
1506350475,22210097,1.18403,295.58250,1
1506350417,22209922,1.18441,5.00000,1
1506350369,22209759,1.18908,577.48229,0
1506350364,22209733,1.18908,488.12235,0
1506350358,22209713,1.18908,88.91466,0
1506350354,22209702,1.18800,15.82444,0
1506350353,22209696,1.18800,88.99549,0
1506350348,22209675,1.18800,46.03979,0
1506350340,22209645,1.18800,69.38971,0
1506350339,22209644,1.18800,83.00000,0
1506350335,22209629,1.18800,69.38971,0
1506350331,22209613,1.18800,101.30012,0
1506350329,22209598,1.18800,69.38971,0
1506350324,22209584,1.18800,511.12130,0
1506350323,22209580,1.18800,203.54208,0
1506350321,22209565,1.18800,202.89123,0
1506350321,22209564,1.18800,493.88000,0
1506350319,22209544,1.18800,511.12130,0
1506350316,22209528,1.18780,375.41646,0
1506350292,22209392,1.18780,27.56411,0
1506350289,22209358,1.18780,2.05115,1
1506350287,22209348,1.18780,408.17830,1
1506350285,22209310,1.18780,486.15644,0
1506350284,22209300,1.18780,1470.31725,0
1506350284,22209279,1.18780,276.41016,0
1506350283,22209276,1.18779,94.70067,1
1506350281,22209260,1.18780,226.58000,0
1506350279,22209222,1.18780,318.98636,0
1506350278,22209218,1.18780,428.25000,0
1506350275,22209190,1.18780,1351.46000,0
1506350268,22209134,1.18780,1469.79000,0
1506350268,22209133,1.18779,90.00000,0
1506350261,22209051,1.18779,7.23056,0
1506350256,22208995,1.18780,150.94207,0
1506350251,22208910,1.18780,4667.44686,0
1506350246,22208862,1.18779,1402.86255,0
1506350246,22208860,1.18778,200.00000,0
1506350244,22208839,1.18778,388.05000,0
1506350207,22208578,1.18777,262.17007,0
1506350188,22208397,1.18779,262.09345,0
1506350116,22208100,1.18253,96.24363,1
1506350116,22208099,1.18361,80.10636,1
1506349913,22207679,1.18780,153.66086,0
1506349913,22207676,1.18763,364.44914,0
1506349912,22207670,1.18762,364.44000,0
1506349847,22207504,1.18761,175.05598,0
1506349817,22207405,1.18762,232.64000,0
1506349815,22207397,1.18751,840.00000,0
1506349774,22207198,1.18762,1105.46352,0
1506349770,22207179,1.18759,328.94716,0
1506349769,22207170,1.18760,264.24077,1
1506349748,22207067,1.18758,635.58297,1
1506349742,22207045,1.18763,635.55086,0
1506349718,22206903,1.18749,299.57361,0
1506349718,22206899,1.18265,63.21821,1
1506349717,22206897,1.18760,139.55000,0
1506349714,22206851,1.18750,367.04179,0
1506349650,22206397,1.18251,411.25262,1
1506349649,22206394,1.18252,273.99777,1
1506349645,22206370,1.18251,243.52790,1
1506349641,22206340,1.18252,235.67835,1
1506349634,22206282,1.18251,2257.51004,1
1506349629,22206232,1.18252,325.52790,1
1506349618,22206092,1.18251,1010.32023,1
1506349609,22206027,1.18251,22.41920,1
1506349609,22206026,1.18252,359.67240,1
1506349609,22206023,1.18252,0.02710,0
1506349608,22206008,1.18251,178.65740,1
1506349607,22205985,1.18252,15.04158,0
1506349606,22205977,1.18251,4333.65025,1
1506349602,22205941,1.18252,1.95941,1
1506349602,22205934,1.18252,389.92172,1
1506349594,22205847,1.18251,1515.38021,1
1506349593,22205839,1.18251,255.42929,1
1506349589,22205774,1.18251,987.97306,1
1506349586,22205735,1.18253,24.55792,0
1506349586,22205733,1.18253,213.86267,0
1506349583,22205697,1.18252,91.67908,1
1506349582,22205674,1.18252,310.80821,0
1506349582,22205670,1.18251,131.87485,1
1506349581,22205653,1.18253,10.93848,0
1506349578,22205607,1.18252,100.40087,1
1506349572,22205522,1.18252,17.02766,1
1506349568,22205473,1.18252,151.15968,1
1506349563,22205424,1.18253,30.45304,1
1506349563,22205419,1.18253,459.54696,1
1506349559,22205366,1.18252,5.97574,1
1506349559,22205364,1.18253,960.00000,1
1506349511,22204967,1.18752,463.37000,1
1506349511,22204960,1.18751,1880.00000,0
1506349510,22204954,1.18760,29.97831,0
1506349507,22204916,1.18747,754.13000,0
1506349476,22204655,1.18251,2.08154,1
1506349475,22204653,1.18252,431.04249,1
1506349173,22203954,1.18456,269.01278,0
1506349173,22203953,1.18345,98.60758,0
1506349169,22203947,1.18345,5.41242,0
1506349167,22203946,1.18458,53.47700,1
1506349167,22203945,1.18458,53.29855,1
1506349167,22203942,1.18458,0.17845,1
1506349167,22203940,1.18458,53.47700,1
1506349167,22203939,1.18458,53.47700,1
1506349166,22203938,1.18458,53.47700,1
1506349166,22203937,1.18458,53.47700,1
1506349166,22203936,1.18458,53.47700,1
1506349166,22203935,1.18458,0.00655,1
1506349164,22203929,1.18458,53.47043,1
1506349164,22203928,1.18252,0.00002,0
1506349163,22203927,1.18252,53.47700,0
1506349161,22203925,1.18252,136.82344,1
1506349160,22203923,1.18252,53.47702,1
1506349160,22203922,1.18302,5.61297,1
1506348946,22203778,1.18252,1.43934,0
1506348945,22203777,1.18252,210.29970,1
1506348945,22203776,1.18252,67.36126,1
1506348945,22203775,1.18303,14.85850,1
1506347233,22202572,1.18278,0.05564,0
1506347232,22202571,1.18280,11.48863,1
1506347112,22202514,1.18251,688.71787,1
1506347112,22202513,1.18252,300.24968,1
1506347112,22202512,1.18259,11.03245,1
1506346939,22202446,1.18304,12.29217,0
1506346934,22202440,1.18253,69.93282,1
1506346934,22202439,1.18306,0.06118,1
1506346933,22202433,1.18306,12.17472,1
1506346704,22202329,1.18251,438.07257,1
1506346704,22202328,1.18252,274.20745,1
1506346703,22202327,1.18252,13.32312,1
1506346703,22202326,1.18253,198.71000,1
1506346703,22202325,1.18254,39.72000,1
1506346701,22202324,1.18255,130.00000,1
1506346700,22202322,1.18334,8.87244,1
1506346699,22202315,1.18333,8.82808,1
1506346313,22202105,1.18255,50.00000,1
1506345859,22201901,1.18255,60.00000,1
1506344465,22201016,1.18255,137.04284,1
1506344465,22201015,1.18257,7.25349,1
1506342990,22200193,1.18251,3239.03304,1
1506342989,22200192,1.18252,124.40677,1
1506342989,22200191,1.18253,490.00000,1
1506342989,22200190,1.18283,12.20563,1
1506342988,22200189,1.18293,8.17728,0
1506342987,22200188,1.18293,8.17728,1
1506342940,22200176,1.18281,67.48000,0
1506342939,22200175,1.18281,13.15249,0
1506342938,22200172,1.18281,311.05662,0
1506342875,22200160,1.18312,7.86493,1
1506342628,22200095,1.18251,272.08135,1
1506342628,22200094,1.18252,137.48171,1
1506342628,22200093,1.18252,842.17942,1
1506342627,22200092,1.18267,350.00000,0
1506342626,22200091,1.18267,390.00000,0
1506342626,22200090,1.18267,8.25752,1
1506342412,22199984,1.18290,710.00000,1
1506342411,22199983,1.18291,8.13442,1
1506342302,22199950,1.18253,41.63135,1
1506342301,22199948,1.18409,8.36865,1
1506342235,22199933,1.18796,839.76375,0
1506342152,22199915,1.18367,28.64048,0
1506341807,22199775,1.18251,1324.06436,1
1506341798,22199766,1.18252,30.59997,1
1506341407,22199592,1.18251,0.84152,1
1506341407,22199591,1.18252,117.36277,1
1506341406,22199590,1.18343,20.15986,1
1506341406,22199589,1.18348,28.41737,1
1506341012,22199367,1.18344,0.20794,0
1506341012,22199366,1.18345,28.42596,1
1506341009,22199363,1.18367,26.12447,1
1506340906,22199309,1.18341,118.69967,0
1506340905,22199304,1.18340,126.92329,1
1506340897,22199287,1.18341,330.00000,0
1506340897,22199286,1.18344,32.95586,1
1506340893,22199282,1.18340,440.04962,1
1506340893,22199281,1.18340,0.00003,1
1506340893,22199280,1.18342,41.60588,1
1506340887,22199275,1.18253,1356.88197,0
1506340885,22199273,1.18255,41.60588,1
1506340298,22199033,1.18344,129.96069,1
1506340298,22199032,1.18344,161.72180,1
1506340298,22199031,1.18344,161.72180,1
1506340298,22199030,1.18344,161.72180,1
1506340298,22199029,1.18344,161.72180,1
1506340298,22199028,1.18344,161.72180,1
1506340298,22199027,1.18344,161.72180,1
1506340297,22199026,1.18344,161.72180,1
1506340297,22199025,1.18344,132.79019,1
1506340293,22199013,1.18793,3352.17089,1
1506340293,22199009,1.18793,24.23544,1
1506340292,22199008,1.18793,1040.00000,0
1506340292,22199007,1.18345,24.99494,1
1506340292,22199005,1.18344,28.93161,1
1506340292,22199004,1.18344,161.72180,1
1506340290,22198998,1.18254,55.44115,0
1506340290,22198997,1.18253,106.28061,0
1506340284,22198988,1.18251,106.28240,1
1506340276,22198985,1.18251,0.00368,1
1506340276,22198984,1.18252,86.69631,1
1506340273,22198977,1.18253,61.07297,1
1506340271,22198972,1.18257,63.72520,1
1506340270,22198970,1.18257,0.00311,1
1506340270,22198969,1.18257,55.13416,1
1506340250,22198947,1.18271,55.48267,1
1506340210,22198930,1.18258,56.08944,1
1506340193,22198915,1.18251,467.97228,1
1506340192,22198914,1.18252,0.00685,1
1506340192,22198913,1.18252,95.80135,1
1506340192,22198912,1.18257,0.00253,1
1506340191,22198910,1.18257,56.12353,1
1506340172,22198905,1.18374,39.50000,1
1506340172,22198904,1.18374,20.83731,1
1506340171,22198900,1.18375,59.96803,0
1506340170,22198899,1.18374,18.66269,1
1506340170,22198898,1.18374,39.50000,1
1506340170,22198897,1.18374,39.50000,1
1506340170,22198896,1.18374,39.50000,1
1506340170,22198895,1.18374,39.50000,1
1506340169,22198894,1.18374,39.50000,1
1506340169,22198892,1.18374,39.50000,1
1506340169,22198890,1.18374,39.50000,1
1506340169,22198889,1.18374,39.50000,1
1506340169,22198888,1.18374,39.50000,1
1506340169,22198886,1.18374,0.00371,1
1506340169,22198885,1.18375,60.32936,1
1506340164,22198879,1.18377,60.00000,1
1506340154,22198875,1.18374,39.49629,1
1506340154,22198874,1.18374,39.50000,1
1506340154,22198873,1.18374,39.35741,1
1506340152,22198872,1.18270,0.14259,0
1506340152,22198869,1.18270,39.35740,0
1506339898,22198724,1.18350,61.05880,1
1506339874,22198718,1.18340,82.42999,1
1506338294,22197882,1.18880,335.13175,0
1506337796,22197661,1.18418,85.66853,1
1506336081,22196511,1.18253,60.00000,1
1506335363,22196248,1.18252,10.90658,1
1506335362,22196247,1.18253,1710.00000,1
1506335231,22196181,1.18253,60.00000,1
1506333951,22195648,1.18253,50.00000,1
1506333770,22195536,1.18700,168.36487,1
1506333770,22195535,1.18700,61.40767,1
1506332866,22195200,1.18700,168.73963,0
1506332863,22195197,1.18700,229.92033,0
1506332859,22195193,1.18700,229.68495,0
1506332857,22195190,1.18700,229.45798,0
1506332855,22195188,1.18700,142.19711,0
1506332854,22195186,1.18700,87.03390,0
1506332851,22195184,1.18700,229.00405,0
1506332847,22195179,1.18700,228.77708,0
1506332844,22195175,1.18700,228.54170,0
1506332840,22195169,1.18700,228.31473,0
1506332837,22195166,1.18700,228.08776,0
1506332834,22195163,1.18700,227.84803,0
1506332832,22195161,1.18700,227.62108,0
1506332829,22195156,1.18700,227.38139,0
1506332825,22195148,1.18700,227.15445,0
1506332821,22195139,1.18700,226.92750,0
1506332818,22195135,1.18700,226.70056,0
1506332814,22195131,1.18700,226.47361,0
1506332811,22195127,1.18700,226.25507,0
1506332808,22195124,1.18700,226.02813,0
1506332806,22195122,1.18700,225.80118,0
1506332801,22195116,1.18700,225.57424,0
1506332797,22195113,1.18700,225.33468,0
1506332792,22195110,1.18700,225.11615,0
1506332788,22195106,1.18700,224.88922,0
1506332785,22195103,1.18700,224.66229,0
1506332782,22195100,1.18700,224.73311,0
1506332778,22195093,1.18700,28.96687,0
1506332774,22195090,1.18700,28.94162,0
1506332771,22195086,1.18700,28.90796,0
1506332768,22195084,1.18700,28.88271,0
1506332766,22195080,1.18700,28.85746,0
1506332762,22195074,1.18700,28.82380,0
1506332758,22195071,1.18700,28.79855,0
1506332756,22195068,1.18700,28.76489,0
1506332753,22195065,1.18700,28.73964,0
1506332750,22195062,1.18700,28.71440,0
1506332746,22195053,1.18700,216.30213,0
1506332743,22195049,1.18700,244.22570,0
1506332739,22195047,1.18700,243.98195,0
1506332735,22195042,1.18700,100.38732,0
1506332734,22195041,1.18698,3.89033,0
1506332731,22195036,1.18698,243.64143,0
1506332727,22195031,1.18698,243.39767,0
1506332724,22195027,1.18698,243.15391,0
1506332721,22195023,1.18698,242.91015,0
1506332717,22195018,1.18698,242.66640,0
1506332715,22195015,1.18698,242.43104,0
1506332711,22195010,1.18698,242.18728,0
1506332711,22195008,1.18698,117.31000,0
1506332706,22195002,1.18698,241.94352,0
1506332702,22194964,1.18698,241.69136,0
1506332700,22194961,1.18698,241.50168,0
1506332696,22194952,1.18698,241.26627,0
1506332692,22194947,1.18698,241.00896,0
1506332689,22194943,1.18697,78.93417,0
1506332645,22194895,1.18697,369.15498,0
1506332471,22194818,1.18253,70.00000,1
1506332406,22194793,1.18699,67.15603,1
1506332403,22194789,1.18699,67.15603,0
1506331524,22194393,1.18253,500.00000,1
1506331281,22194067,1.18253,70.00000,1
1506330509,22193697,1.18700,1582.55846,0
1506330327,22193601,1.18700,7.57520,0
1506330327,22193599,1.18700,7.57520,0
1506330327,22193598,1.18700,7.57520,0
1506330276,22193570,1.18700,3199.47062,0
1506330276,22193568,1.18699,240.00000,0
1506330273,22193566,1.18700,184.52386,0
1506330272,22193564,1.18697,0.27788,0
1506330269,22193561,1.18697,55.68816,0
1506330269,22193560,1.18697,286.97785,0
1506330265,22193554,1.18696,221.51734,0
1506330262,22193551,1.18696,131.27661,0
1506330255,22193539,1.18696,798.86675,0
1506330248,22193534,1.18696,66.32093,0
1506330248,22193531,1.18695,30.57986,0
1506330244,22193525,1.18694,372.99761,0
1506330239,22193520,1.18694,390.25743,0
1506330084,22193449,1.18253,60.00000,1
1506330062,22193432,1.18694,32.32422,0
1506330000,22193355,1.18694,61.63930,0
1506329999,22193354,1.18694,61.63930,0
1506329955,22193298,1.18697,201.62214,1
1506329952,22193291,1.18697,30.58112,1
1506329952,22193289,1.18697,516.97998,1
1506329947,22193278,1.18697,488.60163,1
1506329940,22193272,1.18697,20.11217,1
1506329802,22193219,1.18700,20.14750,0
1506329801,22193218,1.18700,20.14750,0
1506329789,22193210,1.18700,643.02320,0
1506329772,22193205,1.18700,316.92160,0
1506329759,22193201,1.18700,29.72971,0
1506329759,22193200,1.18700,1044.72620,0
1506329731,22193191,1.18700,932.71545,0
1506329730,22193190,1.18699,0.02725,0
1506329708,22193184,1.18699,25.79275,0
1506329638,22193131,1.18699,894.39000,0
1506329635,22193126,1.18699,79.79000,0
1506329585,22193077,1.18698,380.78087,0
1506329529,22193027,1.18253,100.00000,1
1506329502,22193008,1.18698,122.63250,0
1506329462,22192981,1.18698,202.90930,0
1506329214,22192818,1.18253,80.00000,1
1506329049,22192532,1.18699,698.42700,0
1506328819,22192421,1.18253,178.58989,1
1506328819,22192420,1.18254,185.21262,1
1506328818,22192417,1.18254,0.81395,0
1506328816,22192412,1.18254,160.61702,1
1506328816,22192411,1.18254,12.59698,1
1506328815,22192410,1.18254,9.44774,1
1506328812,22192406,1.18255,84.07193,1
1506328714,22192381,1.18253,184.30304,1
1506328714,22192380,1.18254,58.56695,1
1506328713,22192378,1.18254,61.55304,0
1506328713,22192377,1.18254,57.37648,0
1506328707,22192374,1.18253,244.32999,1
1506328703,22192371,1.18253,230.21999,1
1506328702,22192370,1.18253,29.00561,1
1506328702,22192368,1.18253,299.73785,1
1506328700,22192363,1.18254,167.14401,0
1506328700,22192362,1.18254,29.00653,0
1506328696,22192361,1.18253,75.29192,1
1506328692,22192357,1.18254,6.78946,0
1506328692,22192355,1.18254,126.20367,1
1506328691,22192354,1.18254,23.25035,1
1506328691,22192353,1.18254,67.30999,1
1506328682,22192347,1.18253,65.74619,1
1506328681,22192346,1.18254,1.56381,1
1506328675,22192342,1.18254,154.25964,1
1506328675,22192341,1.18254,83.72151,1
1506328675,22192340,1.18255,6.83885,1
1506328668,22192335,1.18253,1952.69963,1
1506328668,22192334,1.18253,36.23060,1
1506328667,22192333,1.18253,22.52114,1
1506328667,22192332,1.18254,14.13717,1
1506328667,22192331,1.18254,7.06858,1
1506328667,22192330,1.18254,10.60288,1
1506328664,22192324,1.18253,30.78939,1
1506328661,22192323,1.18253,67.02000,1
1506328660,22192322,1.18254,264.71992,0
1506328653,22192318,1.18254,7.23746,0
1506328653,22192317,1.18253,121.35304,1
1506328653,22192316,1.18253,739.41597,1
1506328653,22192315,1.18254,292.53956,1
1506328652,22192314,1.18254,10.20721,1
1506328652,22192312,1.18258,7.23746,1
1506328635,22192294,1.18253,334.66516,1
1506328635,22192293,1.18254,173.19082,1
1506328634,22192292,1.18254,184.03306,0
1506328633,22192291,1.18253,1097.54999,1
1506328629,22192285,1.18253,926.36508,1
1506328628,22192284,1.18254,14.05274,1
1506328628,22192283,1.18254,10.53955,1
1506328628,22192281,1.18254,137.71957,1
1506328625,22192273,1.18254,50.89014,1
1506328624,22192270,1.18254,46.31349,1
1506328624,22192269,1.18255,7.02637,1
1506328623,22192265,1.18254,50.89341,1
1506328622,22192263,1.18254,58.96314,1
1506328621,22192260,1.18254,49.98685,1
1506328620,22192258,1.18253,149.85011,1
1506328617,22192252,1.18254,255.92344,0
1506328616,22192251,1.18254,147.46317,0
1506328613,22192249,1.18253,138.01862,1
1506328613,22192248,1.18254,155.13137,1
1506328609,22192243,1.18254,281.12247,1
1506328609,22192242,1.18254,15.45516,1
1506328609,22192241,1.18254,2.57087,1
1506328608,22192240,1.18255,7.66820,1
1506328602,22192231,1.18254,9.02050,1
1506328602,22192230,1.18256,174.04949,1
1506328591,22192206,1.18256,242.91241,1
1506328591,22192204,1.18257,7.72758,1
1506328588,22192196,1.18256,90.00000,1
1506328583,22192186,1.18253,194.07106,1
1506328583,22192184,1.18254,482.10012,1
1506328583,22192183,1.18254,11.03908,1
1506328583,22192182,1.18254,14.71877,1
1506328583,22192180,1.18341,8.02337,1
1506328199,22191933,1.18253,30.88010,1
1506328199,22191932,1.18253,12.11972,1
1506328198,22191931,1.18253,16.15963,1
1506328198,22191929,1.18260,8.30607,1
1506328136,22191895,1.18252,197.31999,1
1506328118,22191885,1.18252,46.41999,1
1506328116,22191884,1.18252,10.49149,1
1506328112,22191878,1.18252,10.49149,1
1506328110,22191874,1.18252,223.37999,1
1506328109,22191872,1.18252,3.01602,1
1506328109,22191870,1.18253,7.47547,1
1506328100,22191861,1.18252,10.49149,1
1506328099,22191859,1.18252,515.43639,1
1506328099,22191858,1.18262,7.73360,1
1506328099,22191856,1.18252,39.86104,1
1506328098,22191855,1.18252,15.46719,1
1506328098,22191854,1.18252,12.15176,1
1506328098,22191852,1.18253,90.00000,1
1506328055,22191831,1.18251,765.45169,1
1506328055,22191830,1.18251,20.12540,1
1506328054,22191825,1.18251,1228.34753,1
1506328054,22191823,1.18252,278.60076,1
1506328053,22191820,1.18252,366.14774,0
1506328049,22191815,1.18251,87.27995,1
1506328047,22191812,1.18251,722.83631,1
1506328046,22191807,1.18251,24.37857,1
1506328046,22191804,1.18251,685.89746,1
1506328045,22191800,1.18251,87.31725,1
1506328045,22191795,1.18251,1858.32124,1
1506328044,22191793,1.18252,8.15807,1
1506328044,22191790,1.18252,341.20263,1
1506328044,22191788,1.18253,8.15807,1
1506328042,22191785,1.18252,14.92209,1
1506328041,22191781,1.18252,287.52256,1
1506328041,22191780,1.18254,0.04139,1
1506328039,22191776,1.18254,8.23679,1
1506328038,22191774,1.18253,8.23679,1
1506328034,22191762,1.18252,93.52501,1
1506328030,22191759,1.18252,310.65999,1
1506328029,22191757,1.18253,190.00000,1
1506328007,22191736,1.18251,572.93787,1
1506328007,22191732,1.18254,7.90707,1
1506328005,22191727,1.18252,338.56844,0
1506328004,22191725,1.18252,8.44231,0
1506328003,22191720,1.18254,360.00000,1
1506328001,22191712,1.18252,3.07737,0
1506328001,22191709,1.18252,690.37222,1
1506328001,22191707,1.18252,13.56116,1
1506327997,22191694,1.18253,710.00000,1
1506327997,22191691,1.18374,8.50441,1
1506327514,22191441,1.18253,394.95656,1
1506327514,22191439,1.18253,15.55160,1
1506327514,22191437,1.18254,780.00000,1
1506327514,22191435,1.18290,9.49184,1
1506327397,22191368,1.18251,544.31649,1
1506327396,22191367,1.18252,709.12462,1
1506327396,22191366,1.18252,17.19122,1
1506327396,22191365,1.18253,19.09967,1
1506327395,22191364,1.18322,10.13400,0
1506327394,22191363,1.18322,10.13400,1
1506327273,22191225,1.18700,4051.61317,0
1506327268,22191201,1.18699,575.72263,0
1506327162,22191170,1.18256,40.79965,1
1506327162,22191169,1.18327,9.20035,1
1506326992,22191097,1.18700,120.52140,0
1506326992,22191096,1.18699,804.73930,0
1506326992,22191095,1.18699,925.26070,0
1506326910,22191038,1.18700,12.19630,0
1506326910,22191037,1.18700,12.19630,0
1506326910,22191036,1.18699,12.19630,0
1506326909,22191035,1.18699,12.19630,0
1506326909,22191034,1.18699,12.19630,0
1506326909,22191033,1.18699,12.19630,0
1506326909,22191032,1.18699,12.19630,0
1506326909,22191031,1.18699,12.19630,0
1506326909,22191030,1.18699,12.19630,0
1506326908,22191029,1.18699,12.19630,0
1506326908,22191028,1.18699,12.19630,0
1506326908,22191027,1.18699,12.19630,0
1506326908,22191026,1.18699,12.19630,0
1506326859,22191007,1.18699,35.53450,0
1506326858,22191006,1.18699,35.53450,0
1506326858,22191005,1.18699,35.53450,0
1506326858,22191004,1.18699,35.53450,0
1506326647,22190925,1.18250,18134.77178,1
1506326647,22190924,1.18260,6.76476,1
1506326647,22190923,1.18270,6.76418,1
1506326647,22190922,1.18280,6.76361,1
1506326647,22190921,1.18290,6.76304,1
1506326647,22190920,1.18299,777.40820,1
1506326646,22190919,1.18299,222.59180,1
1506326646,22190918,1.18310,6.76190,1
1506326646,22190917,1.18330,6.76075,1
1506326645,22190916,1.18350,6.76075,1
1506326645,22190915,1.18370,6.76075,1
1506326645,22190914,1.18408,4000.00000,1
1506326645,22190913,1.18410,6.75619,1
1506326645,22190911,1.18450,31978.03086,1
1506326645,22190910,1.18451,686.01710,1
1506326644,22190909,1.18493,4000.00000,1
1506326644,22190908,1.18495,5215.34241,1
1506326644,22190907,1.18497,4785.00000,1
1506326644,22190906,1.18500,9137.66703,1
1506326644,22190904,1.18501,1002.31489,1
1506325404,22190210,1.18501,723.13188,1
1506325156,22190084,1.18501,399.01690,1
1506325156,22190081,1.18501,45.28286,1
1506324797,22189864,1.18500,715.28298,1
1506324767,22189836,1.18500,147.04999,1
1506324767,22189833,1.18500,31.43977,1
1506324765,22189827,1.18500,246.14999,1
1506324760,22189823,1.18500,184.36999,1
1506324749,22189811,1.18500,1405.06999,1
1506324742,22189799,1.18500,225.66245,1
1506324741,22189796,1.18500,190.70999,1
1506324730,22189781,1.18500,2434.79999,1
1506324724,22189774,1.18500,67.57182,1
1506324640,22189738,1.18500,379.65154,1
1506324640,22189736,1.18505,207.96845,1
1506324620,22189726,1.18505,244.81999,1
1506324611,22189713,1.18505,1684.40999,1
1506324608,22189707,1.18505,964.05999,1
1506324595,22189634,1.18505,916.37485,1
1506324549,22189606,1.18505,253.09999,1
1506324549,22189605,1.18996,2166.42508,0
1506324539,22189598,1.18505,226.32999,1
1506324476,22189587,1.18505,229.97999,1
1506324456,22189579,1.18505,267.45999,1
1506324450,22189576,1.18505,55.11160,1
1506324438,22189560,1.18505,933.88998,1
1506324438,22189553,1.18505,30.59369,1
1506324434,22189543,1.18505,30.59369,1
1506324404,22189525,1.18505,775.63816,1
1506324401,22189516,1.18505,739.39497,1
1506324338,22189494,1.18505,601.01104,1
1506324303,22189438,1.18505,185.13933,1
1506324299,22189423,1.18505,57.02802,1
1506324293,22189398,1.18505,215.38231,1
1506324288,22189377,1.18505,263.05267,1
1506324286,22189368,1.18505,30.32591,1
1506324275,22189333,1.18505,215.44441,1
1506324271,22189318,1.18505,336.55886,1
1506324253,22189279,1.18505,320.58999,1
1506324249,22189270,1.18505,215.32021,1
1506324242,22189240,1.18501,63.48139,1
1506324206,22189146,1.18503,25.37999,1
1506324164,22189078,1.18501,50.00000,1
1506323780,22188834,1.18501,220.00000,1
1506323648,22188745,1.18502,20.07662,1
1506323646,22188736,1.18500,1144.17492,1
1506323646,22188735,1.18501,69.93700,1
1506323645,22188732,1.18501,345.43827,1
1506323633,22188715,1.18500,339.46999,1
1506323633,22188711,1.18501,450.00000,1
1506323629,22188700,1.18500,13.42588,1
1506323625,22188696,1.18501,215.48877,1
1506323622,22188689,1.18501,612.48999,1
1506323617,22188684,1.18501,79.62700,1
1506322860,22188335,1.18502,55.40999,1
1506322842,22188327,1.18502,142.00501,1
1506322687,22188269,1.18502,178.99534,1
1506322263,22188118,1.18502,160.53999,1
1506322226,22188047,1.18870,87.53865,0
1506322226,22188046,1.18869,37.32084,0
1506322219,22188022,1.18869,962.67916,0
1506322219,22188010,1.18869,227.75999,0
1506322219,22188008,1.18869,271.53630,0
1506322217,22188002,1.18869,29.76121,0
1506321983,22187894,1.18501,110.39570,1
1506321983,22187893,1.18501,41.16456,1
1506321961,22187882,1.18501,82.72999,1
1506321955,22187880,1.18501,217.79564,0
1506321925,22187865,1.18501,41.40894,1
1506321496,22187718,1.18500,672.02765,1
1506321496,22187717,1.18500,214.60061,1
1506321496,22187716,1.18501,199.18173,1
1506321486,22187699,1.18500,431.38766,1
1506321483,22187694,1.18500,408.48773,1
1506321483,22187692,1.18501,220.11460,1
1506321479,22187686,1.18500,529.01200,1
1506321477,22187685,1.18500,214.70802,1
1506321474,22187671,1.18500,0.38475,1
1506321474,22187669,1.18501,86.57175,1
1506321471,22187664,1.18501,214.72576,1
1506321184,22187524,1.18500,287.94965,1
1506321184,22187523,1.18501,340.55376,1
1506321175,22187516,1.18501,184.64059,1
1506321140,22187487,1.18501,67.32212,1
1506321128,22187479,1.18501,184.75495,1
1506321027,22187368,1.18501,198.13335,1
1506321009,22187339,1.18501,179.19681,1
1506320909,22187229,1.18501,24.78754,1
1506320901,22187224,1.18501,24.76378,1
1506320893,22187214,1.18501,171.23003,1
1506320891,22187213,1.18501,184.82356,1
1506320798,22187124,1.18501,225.72999,1
1506320762,22187090,1.18500,23.43160,1
1506320759,22187082,1.18870,282.84763,0
1506320759,22187081,1.18869,153.19999,0
1506320759,22187079,1.18500,0.63926,1
1506320759,22187078,1.18501,129.93411,1
1506320754,22187058,1.18501,184.96079,1
1506320753,22187055,1.18501,0.33113,0
1506320750,22187049,1.18500,184.96079,1
1506320748,22187044,1.18501,399.27829,0
1506320747,22187039,1.18500,184.96842,1
1506320743,22187026,1.18500,184.94554,1
1506320743,22187025,1.18501,348.35418,1
1506320739,22187016,1.18608,78.57169,1
1506320734,22187005,1.18608,184.88455,1
1506320647,22186949,1.18608,50.00000,1
1506320644,22186947,1.18608,30.28970,1
1506320634,22186936,1.18608,79.74238,1
1506320631,22186927,1.18608,67.25976,1
1506320629,22186913,1.18608,1059.27999,1
1506320587,22186874,1.18608,65.15805,1
1506320322,22186745,1.18608,184.91505,1
1506320011,22186605,1.18608,30.17981,1
1506320001,22186590,1.18608,214.61930,1
1506319922,22186527,1.18608,27.22345,1
1506319912,22186501,1.18608,79.66919,1
1506319906,22186476,1.18608,214.68182,1
1506319897,22186460,1.18608,214.79714,1
1506319893,22186447,1.18608,214.78827,1
1506319891,22186439,1.18608,1203.93985,1
1506319890,22186438,1.18609,6.66015,1
1506319846,22186408,1.18633,31.09887,0
1506319844,22186403,1.18633,19.21572,1
1506319844,22186399,1.18633,30.23725,1
1506319842,22186391,1.18633,10.47879,1
1506319841,22186390,1.18633,19.77096,1
1506319838,22186379,1.18633,20.02455,1
1506319830,22186369,1.18633,20.02455,1
1506318681,22186024,1.18700,1470.15421,1
1506318678,22186022,1.18700,0.18292,1
1506318678,22186021,1.18701,95.92557,1
1506318674,22186017,1.18700,2130.70802,1
1506318583,22185975,1.18700,1004.57999,1
1506318553,22185952,1.18700,460.97999,1
1506318547,22185942,1.18700,299.37639,1
1506318538,22185930,1.18700,57.77950,1
1506318227,22185852,1.18701,50.00000,1
1506317603,22185702,1.18700,21.03257,1
1506317603,22185700,1.18701,9.36742,1
1506317592,22185694,1.18701,151.21063,1
1506317592,22185693,1.18711,5.02254,1
1506317523,22185653,1.18868,8.41486,0
1506317516,22185636,1.18870,184.83189,1
1506317516,22185634,1.18870,91.91207,1
1506317515,22185633,1.18870,92.04173,1
1506317514,22185631,1.18705,0.00001,0
1506317514,22185630,1.18705,368.78570,0
1506317513,22185626,1.18704,1250.00000,1
1506317510,22185620,1.18705,267.73695,1
1506317510,22185619,1.18706,9.13667,1
1506317394,22185568,1.18786,9.08617,0
1506317393,22185566,1.18786,9.08617,1
1506317208,22185463,1.18868,101.72661,0
1506317143,22185415,1.18701,883.74663,1
1506317136,22185409,1.18701,722.96546,1
1506317133,22185403,1.18701,211.85700,1
1506317128,22185400,1.18701,211.85700,1
1506317118,22185395,1.18701,115.79507,1
1506317118,22185394,1.18702,11.76072,1
1506317111,22185388,1.18701,1996.88128,1
1506317111,22185387,1.18702,17.64109,1
1506317111,22185386,1.18710,11.76072,1
1506317100,22185381,1.18701,2827.43833,1
1506317100,22185380,1.18706,11.82259,1
1506317083,22185365,1.18875,12.48423,1
1506317081,22185364,1.18870,14.46570,1
1506317081,22185363,1.18870,14.46570,1
1506317081,22185362,1.18870,14.46570,1
1506317081,22185361,1.18870,14.46570,1
1506317081,22185360,1.18870,14.46570,1
1506317081,22185358,1.18870,14.46570,1
1506317081,22185357,1.18870,14.46570,1
1506317081,22185356,1.18874,12.48423,1
1506317057,22185347,1.18732,12.64516,1
1506317057,22185346,1.18732,18.96774,1
1506316978,22185312,1.18906,12.85537,1
1506316977,22185308,1.18905,12.79109,1
1506313961,22183666,1.19175,6.28287,0
1506313959,22183657,1.19175,422.54439,0
1506313958,22183652,1.19175,199.91000,0
1506313955,22183647,1.19175,1623.68805,0
1506313955,22183645,1.19175,7.32332,0
1506313951,22183638,1.19175,572.95952,0
1506313947,22183618,1.19175,480.80357,0
1506313945,22183607,1.19175,390.93615,0
1506313945,22183601,1.19175,948.87124,0
1506313944,22183594,1.19175,703.84988,0
1506313938,22183563,1.19175,2546.32807,0
1506313928,22183509,1.19175,85.25000,0
1506313843,22183295,1.19175,624.95826,0
1506313843,22183294,1.19174,10.00000,0
1506313841,22183284,1.19175,1273.28000,0
1506313841,22183282,1.19174,30.00000,0
1506313838,22183274,1.19174,49.75000,0
1506313835,22183267,1.19174,99.50000,0
1506313589,22182955,1.18631,60.00000,0
1506313325,22182633,1.19175,112.98310,0
1506313325,22182632,1.19150,0.00690,0
1506313312,22182614,1.19150,556.55000,0
1506313192,22182415,1.19150,34.03956,0
1506312407,22181952,1.19150,969.30744,0
1506312407,22181951,1.19146,0.24270,0
1506312215,22181779,1.19146,302.27154,0
1506311929,22181560,1.19144,35.29828,1
1506311874,22181535,1.19146,697.48576,0
1506311874,22181533,1.19145,0.24935,0
1506311870,22181515,1.19145,63.79906,0
1506311864,22181509,1.19144,64.56376,0
1506311860,22181506,1.19144,189.22871,0
1506311856,22181500,1.19144,378.45742,0
1506310801,22180966,1.18639,719.21000,1
1506309420,22180339,1.18638,60.00000,1
1506308783,22180125,1.19150,7.28184,0
1506308764,22180113,1.19150,44.12000,0
1506308730,22180061,1.19150,92.21492,0
1506307736,22179452,1.18921,11.54567,1
1506307735,22179450,1.18922,96.00604,0
1506307734,22179445,1.18921,129.11190,1
1506307732,22179443,1.18920,129.11190,1
1506307730,22179438,1.18922,51.59684,1
1506307730,22179436,1.18922,44.55975,1
1506307729,22179434,1.18921,44.55900,0
1506307727,22179430,1.18920,16.49175,1
1506307726,22179425,1.18920,131.32086,1
1506307361,22179067,1.19150,334.07024,0
1506307354,22179056,1.19149,112.92125,0
1506307352,22179048,1.19150,87.50000,0
1506307349,22179037,1.19150,87.50000,0
1506307348,22179030,1.19150,87.50000,0
1506307347,22179021,1.19149,79.71531,1
1506307347,22179019,1.19149,79.60910,1
1506307346,22179011,1.19150,296.84969,0
1506307345,22179008,1.19150,87.50000,0
1506307343,22178998,1.19150,7.78468,0
1506307343,22178997,1.19149,79.71532,0
1506307018,22178767,1.19150,160.95000,0
1506306986,22178738,1.19150,50.99000,0
1506306985,22178735,1.19150,50.99000,0
1506306984,22178734,1.19150,50.99000,0
1506306959,22178700,1.19150,385.14363,0
1506306950,22178691,1.19150,1451.66000,0
1506306895,22178630,1.19150,113.39099,0
1506306877,22178577,1.19150,405.26000,0
1506306876,22178570,1.19150,26.82000,0
1506306868,22178541,1.19150,317.78145,0
1506306864,22178522,1.19150,1889.04000,0
1506306862,22178510,1.19150,156.31000,0
1506306860,22178502,1.19150,237.15246,0
1506306857,22178492,1.19150,20.88665,0
1506306856,22178485,1.19150,319.21269,0
1506306851,22178464,1.19150,634.28894,0
1506306848,22178453,1.19150,1036.90792,0
1506306848,22178452,1.19105,0.66592,0
1506306844,22178442,1.19105,761.68218,0
1506306839,22178429,1.19104,50.00000,0
1506306837,22178420,1.19104,110.00000,0
1506306829,22178397,1.19104,209.99000,0
1506306795,22178332,1.19105,3237.65190,0
1506306795,22178331,1.19100,5859.10083,0
1506306795,22178329,1.19100,174.45000,0
1506306794,22178327,1.19100,517.89000,0
1506306783,22178254,1.19100,321.01399,0
1506306601,22178133,1.18645,295.51362,1
1506306493,22177983,1.19100,118.50000,0
1506306489,22177976,1.19100,232.59000,0
1506306485,22177970,1.19100,1849.46464,0
1506306483,22177963,1.19100,20.39125,0
1506306477,22177947,1.19100,876.16929,0
1506306468,22177926,1.19100,30.43000,0
1506306467,22177924,1.19050,489.89465,0
1506306464,22177916,1.19050,3794.34103,0
1506306464,22177912,1.19050,715.43886,0
1506306462,22177907,1.19050,100.83000,0
1506306460,22177885,1.19050,2381.21748,0
1506306459,22177884,1.19050,100.22000,0
1506306458,22177878,1.19050,39.34000,0
1506306438,22177817,1.19050,2378.71798,0
1506306434,22177807,1.19026,611.98968,0
1506306430,22177804,1.19026,139.61288,0
1506306430,22177803,1.19000,3653.46720,0
1506306424,22177791,1.19000,640.14000,0
1506306414,22177754,1.19000,214.67842,0
1506306410,22177728,1.19000,214.40365,0
1506306408,22177719,1.19000,500.43213,0
1506306408,22177718,1.18999,3290.16140,0
1506306406,22177706,1.18999,463.55463,0
1506306404,22177701,1.18999,214.14220,0
1506306401,22177688,1.18999,64.51986,0
1506306390,22177624,1.18999,83.73000,0
1506306384,22177585,1.18999,129.94055,0
1506306380,22177562,1.18999,132.57643,0
1506306372,22177518,1.18999,129.08731,0
1506306367,22177486,1.18999,533.40018,0
1506306363,22177472,1.18999,484.70384,0
1506306362,22177463,1.18999,1641.27000,0
1506306360,22177445,1.18999,1840.84383,0
1506306359,22177439,1.18999,57.19177,0
1506306357,22177423,1.18999,520.28228,0
1506306356,22177416,1.18999,477.06282,0
1506306356,22177408,1.18999,1257.79339,0
1506306355,22177399,1.18999,20.12895,0
1506306351,22177378,1.18999,2063.06000,0
1506306351,22177371,1.18999,708.98700,0
1506306350,22177368,1.18999,555.53263,0
1506306350,22177365,1.18998,1680.83737,0
1506306347,22177359,1.18997,46.84000,0
1506306346,22177354,1.18998,869.77328,0
1506306307,22177276,1.18998,640.66480,1
1506306300,22177264,1.18999,3156.71000,0
1506306298,22177255,1.18999,197.29007,0
1506306289,22177224,1.18993,0.53136,0
1506306288,22177213,1.18993,407.67747,0
1506306279,22177182,1.18993,105.90056,0
1506306277,22177175,1.18993,36.30000,0
1506306265,22177144,1.18993,3089.18010,0
1506306243,22177095,1.18993,360.41051,0
1506306242,22177091,1.18985,0.99426,0
1506306234,22177082,1.18985,1010.10735,0
1506306229,22177065,1.18985,3084.46427,0
1506306222,22177056,1.18985,361.26429,0
1506306006,22176912,1.18985,203.86183,0
1506305996,22176900,1.18985,339.30800,0
1506305985,22176892,1.18984,119.89572,0
1506305985,22176890,1.18970,2.22708,0
1506305981,22176883,1.18970,2091.68161,0
1506305927,22176802,1.18970,2839.58716,0
1506305909,22176771,1.18970,66.50415,0
1506305904,22176756,1.18969,58.22000,1
1506305902,22176747,1.18968,212.82776,1
1506305900,22176739,1.18968,249.70247,1
1506305855,22176610,1.18969,479.30647,0
1506305846,22176590,1.18969,621.86123,0
1506305842,22176577,1.18948,1538.62418,0
1506305839,22176570,1.18969,1839.91560,1
1506305830,22176562,1.18949,274.22667,1
1506305830,22176561,1.18951,978.98662,1
1506305830,22176560,1.18952,33.53386,1
1506305830,22176559,1.18952,30.14850,1
1506305824,22176552,1.18950,57.03333,0
1506305824,22176551,1.18950,274.23000,0
1506305764,22176418,1.18943,591.32532,0
1506305762,22176415,1.18944,480.53993,0
1506304071,22175948,1.18950,10.06000,0
1506303977,22175938,1.18455,10.16000,1
1506301280,22175453,1.18450,18021.96914,1
1506301280,22175452,1.18450,6.75619,1
1506301280,22175451,1.18451,260.00000,1
1506301237,22175439,1.18451,107.60850,0
1506301232,22175438,1.18451,520.00000,0
1506301231,22175437,1.18451,65806.49299,1
1506301231,22175436,1.18452,473.18503,1
1506301231,22175435,1.18452,1650.87305,1
1506301231,22175434,1.18453,1010.00000,1
1506299435,22175078,1.18948,29.31330,0
1506299435,22175077,1.18948,29.31330,0
1506299322,22175062,1.18940,1648.54280,0
1506299192,22175029,1.18949,81.89170,0
1506298735,22174945,1.18929,341.32330,0
1506298667,22174930,1.18950,0.00004,0
1506298667,22174929,1.18950,62.94296,0
1506298667,22174928,1.18950,341.23220,0
1506298666,22174923,1.18952,0.00578,1
1506298665,22174920,1.18952,330.21492,1
1506298665,22174919,1.18952,10.66208,1
1506298663,22174918,1.18950,13.41667,0
1506298663,22174917,1.18950,13.41023,0
1506298663,22174916,1.18949,290.00000,0
1506298662,22174915,1.18949,2.73172,0
1506298662,22174914,1.18949,10.66210,0
1506298662,22174913,1.18948,319.55860,0
1506298662,22174912,1.18948,330.22070,0
1506298661,22174911,1.18948,330.22070,0
1506298652,22174908,1.18946,26.80410,0
1506298652,22174907,1.18946,26.80410,0
1506298652,22174906,1.18946,26.80410,0
1506298651,22174905,1.18946,26.80410,0
1506298651,22174904,1.18946,26.80410,0
1506298651,22174903,1.18946,13.39380,0
1506298648,22174897,1.18952,13.39380,1
1506298646,22174895,1.18948,13.39380,0
1506298646,22174894,1.18948,13.39380,0
1506298641,22174893,1.18952,13.39380,1
1506298486,22174857,1.18452,11.90501,1
1506298479,22174853,1.18452,35.76137,1
1506298478,22174849,1.18452,258.51672,1
1506298478,22174848,1.18534,13.17585,1
1506298203,22174760,1.18451,624.88302,1
1506298202,22174759,1.18452,0.06697,1
1506298202,22174756,1.18452,579.16909,1
1506298202,22174754,1.18452,19.76798,1
1506298202,22174753,1.18473,0.06697,1
1506298201,22174752,1.18473,13.32685,1
