date,tid,price,amount,type
1506383938,22239356,0.01331999,13.31418336,0
1506383934,22239355,0.01332000,43.16512564,0
1506383934,22239354,0.01332000,114.00000000,0
1506383934,22239353,0.01331999,13.31418336,0
1506383934,22239352,0.01330000,121.00000000,0
1506383872,22239335,0.01329000,67.38916828,0
1506383872,22239334,0.01328999,15.81883172,0
1506383516,22239290,0.01331999,5.00323198,0
1506383445,22239279,0.01330999,2.00000000,0
1506383304,22239243,0.01328076,2.04621100,0
1506383301,22239242,0.01328076,2.56098000,0
1506382004,22238897,0.01330999,26.37129400,0
1506381320,22238641,0.01332000,1.51193100,0
1506380519,22238293,0.01334999,1.56733825,0
1506380096,22237862,0.01331000,3.09853989,1
1506380085,22237849,0.01331000,1.00000000,1
1506380029,22237809,0.01331000,1.00000000,1
1506380017,22237803,0.01331000,1.00000000,1
1506379826,22237715,0.01332000,5.70000000,0
1506379717,22237679,0.01331000,2.35266716,0
1506379650,22237660,0.01328364,3.11999970,1
1506379595,22237636,0.01334000,3.70773388,0
1506378971,22237411,0.01334000,5.30636600,0
1506378436,22237197,0.01335000,20.38359550,0
1506378434,22237190,0.01335000,19.79314606,0
1506378434,22237189,0.01333000,0.59000000,0
1506378237,22237096,0.01328180,2.37079293,1
1506377821,22236870,0.01332999,8.51779121,0
1506377286,22236444,0.01332000,112.30682400,0
1506376890,22236032,0.01334000,0.94474400,0
1506376884,22236031,0.01334000,0.22503748,0
1506376231,22235389,0.01334263,0.56401652,0
1506375896,22235151,0.01332998,0.59586353,1
1506375895,22235149,0.01333000,28.39819400,0
1506375888,22235140,0.01333000,17.20557702,0
1506375888,22235139,0.01332999,47.24233840,0
1506375888,22235138,0.01332997,35.50800458,0
1506375717,22234929,0.01334144,0.88219000,0
1506375304,22234494,0.01328080,4.56601533,1
1506375107,22234351,0.01329000,2.12000000,0
1506375107,22234350,0.01329000,2.10489300,0
1506375100,22234337,0.01329000,3.88000000,0
1506375075,22234309,0.01329000,9.91598700,0
1506375072,22234307,0.01329000,3.32237200,0
1506375067,22234304,0.01329000,40.01574700,0
1506375060,22234287,0.01329000,1.19336000,0
1506375048,22234263,0.01329000,2.37051400,0
1506375041,22234259,0.01329000,4.00097817,0
1506375039,22234256,0.01329000,2.62007400,0
1506375035,22234253,0.01329000,0.44553200,0
1506375030,22234249,0.01329000,0.19176007,0
1506374545,22234020,0.01332997,1.00000000,1
1506374388,22233972,0.01332988,10.52774368,1
1506374388,22233966,0.01332988,13.74889308,0
1506372423,22232922,0.01327960,1.51236558,1
1506372130,22232744,0.01332989,1.50076257,1
1506372124,22232738,0.01333000,0.97596924,0
1506372050,22232702,0.01327871,72.70395758,1
1506372050,22232701,0.01330242,14.96000000,1
1506372049,22232700,0.01330243,6.98085574,0
1506372048,22232699,0.01330243,0.65518668,1
1506372044,22232696,0.01332000,5.04784700,0
1506372043,22232695,0.01332000,27.48434333,0
1506371949,22232627,0.01330207,42.28748309,1
1506371949,22232626,0.01330207,57.71251691,1
1506371929,22232611,0.01330193,63.60980542,1
1506371928,22232610,0.01330196,36.39019458,1
1506371591,22232103,0.01335000,13.61138576,0
1506371531,22231980,0.01334000,1.62923000,0
1506371524,22231958,0.01334000,19.25600000,0
1506371502,22231902,0.01334000,3.04726200,0
1506371385,22231673,0.01335999,6.24338742,0
1506371385,22231672,0.01335965,15.94429758,0
1506370588,22231217,0.01330263,12.31599740,1
1506370030,22230956,0.01335000,2.08734082,0
1506370020,22230947,0.01335000,26.81962546,0
1506369789,22230805,0.01334179,8.80171516,1
1506369315,22230381,0.01340000,27.56611940,0
1506369312,22230369,0.01340000,27.51253731,0
1506369199,22230316,0.01340000,38.41781075,0
1506369199,22230314,0.01339999,1.58218925,0
1506369193,22230304,0.01340000,20.57760622,0
1506369193,22230303,0.01339999,9.31784154,0
1506368864,22230046,0.01336999,9.20644500,0
1506368850,22230039,0.01334999,10.93835089,0
1506368770,22229972,0.01331999,16.00734271,0
1506368768,22229971,0.01332000,6.66151000,0
1506368767,22229970,0.01330999,16.00734246,0
1506368767,22229969,0.01330000,0.46541354,0
1506368432,22229762,0.01330000,2.03458646,0
1506368422,22229754,0.01326470,0.29085873,1
1506366169,22228511,0.01329000,1.08000000,1
1506366105,22228459,0.01329000,75.05690218,0
1506366082,22228450,0.01330000,25.50255639,0
1506365984,22228398,0.01331999,3.89612757,0
1506365983,22228394,0.01331999,1.86366000,0
1506365554,22228127,0.01337000,4.82281226,0
1506364233,22227360,0.01331000,110.43658700,0
1506363968,22227109,0.01330000,106.82211611,0
1506363968,22227108,0.01329999,11.28342589,0
1506363959,22227095,0.01330000,2.01646616,0
1506363944,22227077,0.01329000,1.53310759,0
1506363848,22227028,0.01328999,13.40605056,0
1506363848,22227027,0.01328225,0.00000026,0
1506363844,22227021,0.01328225,33.05275287,0
1506363843,22227020,0.01328221,33.05275313,0
1506363843,22227019,0.01328218,9.22494600,0
1506363674,22226937,0.01328000,0.68845466,0
1506363674,22226936,0.01328000,51.72514200,0
1506363666,22226928,0.01326999,15.92798086,0
1506363520,22226830,0.01327000,0.83809500,0
1506361891,22225871,0.01332789,8.17880511,1
1506361891,22225870,0.01332790,5.79846560,1
1506361845,22225835,0.01332790,3.66713600,1
1506361838,22225831,0.01333000,2.24801200,0
1506361822,22225788,0.01332790,23.37186100,1
1506361821,22225787,0.01332790,2.67962885,1
1506361821,22225786,0.01332790,1.16147658,1
1506361821,22225785,0.01332790,4.33769957,1
1506361131,22225315,0.01334000,2.28152265,0
1506361131,22225314,0.01333999,3.28436940,0
1506361127,22225311,0.01333999,2.52301349,0
1506360895,22225144,0.01329996,3.70448031,0
1506360808,22225020,0.01326210,1.00000000,0
1506360652,22224856,0.01328000,9.92600824,0
1506360652,22224855,0.01327999,22.14093276,0
1506360651,22224854,0.01327999,1.72379540,0
1506360576,22224751,0.01328000,15.12914500,0
1506360310,22224264,0.01338480,0.00041150,1
1506359461,22223589,0.01338480,9.08620226,1
1506359304,22223449,0.01339999,8.02564650,0
1506359304,22223440,0.01338481,0.70980795,1
1506359291,22223378,0.01338480,1.00000000,1
1506359118,22223237,0.01340681,1.00000000,0
1506359107,22223219,0.01340681,1.00000000,0
1506359026,22223163,0.01342991,19.30104520,0
1506359024,22223161,0.01341183,1.00000000,0
1506358957,22223117,0.01338480,1.10338624,1
1506358957,22223115,0.01338538,0.47916901,1
1506358821,22223002,0.01341000,29.96013500,0
1506358818,22223000,0.01340000,11.24070000,0
1506358678,22222817,0.01346023,6.87407300,0
1506358661,22222793,0.01342274,1.66720353,0
1506357430,22221447,0.01342274,1.00000000,0
1506357167,22221190,0.01340673,2.98319800,0
1506356593,22220584,0.01332000,9.00000000,1
1506356433,22220340,0.01327431,10.00000000,1
1506356265,22220120,0.01331999,1.00000000,0
1506356228,22220064,0.01331999,0.42943000,0
1506356172,22220004,0.01332999,2.16460327,0
1506356168,22220002,0.01333000,2.84027158,0
1506356119,22219954,0.01335000,1.18727633,0
1506356069,22219874,0.01335000,3.92964365,0
1506356044,22219853,0.01334999,1.00000000,0
1506356016,22219842,0.01334000,1.00000000,0
1506355595,22219071,0.01329000,35.27697046,0
1506355543,22218928,0.01331000,2.91795642,0
1506355528,22218906,0.01331000,2.12788600,0
1506355315,22218665,0.01331997,1.15600000,0
1506355312,22218660,0.01328552,4.35071245,1
1506355182,22218471,0.01333000,1.52648162,0
1506355158,22218423,0.01333000,1.06661665,0
1506354911,22218145,0.01335656,1.00000000,0
1506354743,22217961,0.01337000,10.91377621,0
1506354742,22217957,0.01337000,10.17370534,0
1506354672,22217856,0.01339674,3.54808989,0
1506354670,22217846,0.01339675,5.23194058,1
1506354503,22217521,0.01337196,0.96758089,0
1506354492,22217494,0.01336675,1.00000000,0
1506354476,22217464,0.01336661,1.00000000,0
1506354445,22217437,0.01340000,29.93694179,0
1506354445,22217436,0.01340000,0.60000000,0
1506354444,22217434,0.01339999,5.61120724,0
1506354444,22217433,0.01337998,1.12224145,0
1506354442,22217431,0.01330000,0.00000002,0
1506354378,22217340,0.01330000,1.51820800,0
1506354378,22217338,0.01328613,1.00000000,0
1506354369,22217304,0.01330000,2.42892269,0
1506354369,22217303,0.01329206,33.62156075,0
1506354368,22217302,0.01329205,5.70361256,0
1506354368,22217301,0.01328590,1.00000000,0
1506354304,22217183,0.01325999,4.70203974,0
1506354282,22217131,0.01324000,6.27868400,0
1506354246,22217035,0.01323999,2.48914000,0
1506354137,22216799,0.01322880,2.71000000,0
1506353924,22216538,0.01320000,25.31454901,0
1506353924,22216537,0.01319996,4.68545099,0
1506352910,22214893,0.01321749,25.47810400,0
1506352909,22214892,0.01321749,4.66289600,0
1506352907,22214888,0.01321758,19.85900000,1
1506352774,22214726,0.01327955,3.75579537,0
1506352681,22214628,0.01320270,0.60000000,0
1506352498,22214292,0.01320141,4.68522383,1
1506352412,22214165,0.01329435,118.71765073,1
1506352411,22214163,0.01329433,28.39200000,0
1506352411,22214162,0.01329432,3.00000000,1
1506352409,22214160,0.01325647,0.00000500,0
1506352384,22214137,0.01325647,1.99999500,0
1506352375,22214133,0.01327997,10.48740919,1
1506352374,22214131,0.01327996,5.43616600,0
1506352374,22214129,0.01327996,2.20196200,1
1506352373,22214127,0.01327996,2.00000000,1
1506352368,22214116,0.01327996,0.35139030,1
1506352364,22214112,0.01327996,2.50000000,1
1506352364,22214111,0.01327996,0.75928136,1
1506352363,22214109,0.01327996,4.09438591,1
1506352362,22214108,0.01327997,1.77068809,1
1506352362,22214107,0.01327997,15.82442400,1
1506352358,22214104,0.01327996,17.80296800,1
1506352357,22214099,0.01327996,10.50825200,1
1506352355,22214091,0.01327996,28.30002651,1
1506352355,22214090,0.01327996,1.39603838,1
1506352353,22214089,0.01326996,0.91660584,0
1506352312,22214060,0.01321576,1.00000000,0
1506352285,22214006,0.01322999,2.28832111,0
1506352285,22214002,0.01322998,5.40561589,0
1506352285,22214001,0.01321576,1.00000000,0
1506352279,22213991,0.01321999,1.89318400,0
1506352278,22213986,0.01321156,1.00000000,0
1506352263,22213952,0.01318764,4.21731500,0
1506352263,22213951,0.01317600,0.69385000,0
1506351988,22213474,0.01320000,0.00614741,1
1506351984,22213455,0.01320000,0.70533192,1
1506351894,22213252,0.01314906,6.67578871,1
1506351894,22213251,0.01315000,7.08144871,1
1506351586,22212559,0.01316479,0.00022716,0
1506351586,22212558,0.01316479,8.59977273,0
1506351584,22212554,0.01320000,0.00000011,1
1506351051,22211599,0.01324387,1.00000000,0
1506351038,22211579,0.01324500,2.99000000,0
1506351038,22211578,0.01324387,1.00000000,0
1506351011,22211520,0.01323612,1.00000000,0
1506351005,22211514,0.01323020,5.00000000,0
1506350977,22211440,0.01322591,1.00000000,0
1506350616,22210537,0.01320934,1.91717791,0
1506350564,22210362,0.01320600,3.40349100,1
1506350541,22210302,0.01320600,3.19301800,1
1506350536,22210288,0.01320600,3.40349100,1
1506350485,22210126,0.01320000,1.72546000,1
1506350464,22210052,0.01320000,1.72546011,1
1506350444,22210008,0.01323019,59.81562328,0
1506350444,22210007,0.01323019,1.00303767,0
1506350444,22210006,0.01322934,1.91717791,0
1506350444,22210004,0.01322919,5.22500013,0
1506350443,22209997,0.01321000,6.94300756,1
1506350442,22209994,0.01321000,0.60229658,0
1506350437,22209975,0.01323000,5.40273390,1
1506350427,22209949,0.01321000,9.00000000,1
1506350408,22209881,0.01316000,9.00000000,0
1506350305,22209473,0.01313998,5.00000000,0
1506350147,22208164,0.01307000,1.22668100,0
1506350141,22208145,0.01307000,61.64000000,0
1506350103,22208050,0.01311000,3.45000000,0
1506350103,22208049,0.01311000,0.60000000,0
1506350103,22208048,0.01310655,0.95000000,0
1506350071,22207987,0.01310000,0.05000000,0
1506350052,22207940,0.01310000,1.00000000,0
1506350043,22207932,0.01310000,16.75000000,0
1506350043,22207931,0.01309526,1.00000000,0
1506350002,22207889,0.01306782,1.00000000,0
1506349996,22207881,0.01306777,1.00000000,0
1506349977,22207850,0.01306124,1.00000000,0
1506349888,22207625,0.01299850,0.80000000,0
1506349863,22207567,0.01301000,0.20000000,0
1506349849,22207514,0.01301649,1.80000000,1
1506349840,22207481,0.01300999,2.00000000,0
1506349774,22207199,0.01294995,6.29921490,0
1506349774,22207196,0.01294992,5.17744489,0
1506349773,22207192,0.01294992,32.99953003,0
1506349772,22207190,0.01294992,12.00046997,0
1506349756,22207110,0.01294995,9.11078510,0
1506349755,22207105,0.01294992,16.90827506,0
1506349755,22207103,0.01294991,23.15838484,0
1506349754,22207097,0.01294992,2.01332900,0
1506349754,22207093,0.01294992,15.86421800,0
1506349754,22207091,0.01294992,1.01333000,0
1506349753,22207086,0.01292958,1.46754763,0
1506349680,22206602,0.01292964,0.03052513,0
1506349680,22206601,0.01292961,7.96947487,0
1506349619,22206115,0.01289987,8.25000000,0
1506349608,22206014,0.01289988,0.74807276,0
1506349607,22205997,0.01282918,0.33281315,1
1506349593,22205844,0.01282921,0.49496305,1
1506349571,22205516,0.01283206,0.20000000,1
1506349562,22205408,0.01283020,0.20000000,1
1506349558,22205360,0.01285000,5.16000000,0
1506349558,22205357,0.01284000,1.59000000,0
1506349555,22205320,0.01284999,15.41000000,1
1506349552,22205285,0.01285000,0.85191000,0
1506349543,22205214,0.01285000,11.97210900,0
1506349542,22205211,0.01285000,1.53655001,1
1506349542,22205208,0.01286000,18.22457774,0
1506349541,22205205,0.01286000,6.48616300,0
1506349541,22205203,0.01286000,27.92737400,0
1506349535,22205162,0.01287999,0.16000000,0
1506349530,22205134,0.01287999,0.45629700,0
1506349522,22205072,0.01287000,39.20574800,0
1506349521,22205066,0.01287000,1.00000000,0
1506349520,22205058,0.01287000,18.23872409,0
1506349514,22205007,0.01287000,1.18983300,0
1506349514,22205001,0.01287000,7.16893600,0
1506349513,22204986,0.01287000,4.50000000,0
1506349508,22204935,0.01286999,3.32743166,0
1506349508,22204922,0.01286999,1.04498900,0
1506349501,22204854,0.01286996,4.41469789,0
1506349501,22204852,0.01286000,140.95501111,0
1506349499,22204843,0.01286000,3.84882900,0
1506349497,22204833,0.01286000,0.42195700,0
1506349494,22204804,0.01285999,0.25000000,0
1506349471,22204600,0.01284997,12.80693000,0
1506349461,22204554,0.01286000,0.77420289,0
1506349441,22204414,0.01289006,0.68865071,1
1506349345,22204167,0.01291026,24.85356608,1
1506349236,22203994,0.01292575,16.78564107,1
1506349005,22203839,0.01297000,0.53836083,0
1506348449,22203330,0.01297000,12.00069390,0
1506348447,22203323,0.01297000,12.00046260,0
1506348442,22203310,0.01297000,12.00023130,0
1506348322,22203151,0.01296000,4.14013047,0
1506347955,22202963,0.01298998,8.30794196,0
1506347847,22202900,0.01298000,88.19714217,0
1506347845,22202899,0.01297999,8.31038710,0
1506347747,22202859,0.01296000,4.31964243,0
1506346022,22201998,0.01300999,0.26704248,0
1506344120,22200787,0.01297999,8.19954406,0
1506343904,22200678,0.01300000,20.43523076,0
1506343445,22200535,0.01301897,1.00000000,0
1506343183,22200344,0.01297000,35.94892748,0
1506343148,22200320,0.01297999,23.97166715,0
1506342031,22199859,0.01301485,13.77287253,0
1506340497,22199127,0.01295000,0.40733200,0
1506339170,22198438,0.01297001,24.31234129,1
1506339154,22198412,0.01297002,2.09000000,1
1506339108,22198394,0.01297002,1.74030590,1
1506339100,22198391,0.01297017,0.33722283,1
1506339100,22198390,0.01297017,1.47393888,1
1506339092,22198373,0.01297017,1.81116171,1
1506339083,22198369,0.01297017,5.45798000,1
1506338921,22198268,0.01297011,2.64016000,1
1506338919,22198267,0.01297011,2.35984000,1
1506338324,22197924,0.01300299,0.44133134,1
1506338324,22197922,0.01300299,0.40923866,1
1506338318,22197919,0.01299001,0.85057000,1
1506338313,22197916,0.01299001,0.85057000,1
1506338293,22197879,0.01302999,2.00000000,1
1506338288,22197874,0.01302999,7.63756151,1
1506338279,22197860,0.01302999,5.40000000,1
1506338278,22197855,0.01300700,7.56235255,0
1506338278,22197854,0.01300481,1.00000000,0
1506338272,22197823,0.01299000,0.02621429,0
1506338271,22197816,0.01299000,0.57378571,0
1506337391,22197555,0.01293970,27.18447649,0
1506337391,22197554,0.01291592,0.00000228,0
1506337390,22197550,0.01291591,1.82593104,0
1506336947,22197216,0.01291592,36.80286000,0
1506336625,22197016,0.01290000,8.60977960,1
1506336614,22197012,0.01290000,4.68211200,1
1506336607,22197005,0.01290000,4.50810840,1
1506336607,22197004,0.01290001,0.48188360,1
1506336238,22196581,0.01291592,53.83952516,0
1506336228,22196569,0.01291592,53.83929290,0
1506335516,22196312,0.01291592,6.95072437,0
1506334843,22195978,0.01291592,3.73078000,0
1506333029,22195232,0.01290000,2.20000000,0
1506332767,22195081,0.01290000,0.30000000,0
1506331795,22194554,0.01289999,0.28877000,0
1506330700,22193773,0.01289000,53.83964801,0
1506330695,22193767,0.01289000,105.99975551,0
1506330001,22193357,0.01291591,2.58684367,0
1506329599,22193101,0.01291590,0.66000000,0
1506327053,22191132,0.01285000,4.51211300,1
1506326929,22191050,0.01285000,4.48788700,1
1506326408,22190806,0.01282496,1.90059073,1
1506326397,22190745,0.01282496,1.32554020,1
1506326188,22190690,0.01282494,2.67174740,1
1506326180,22190680,0.01282494,1.15618475,1
1506326179,22190678,0.01282494,1.84505893,1
1506326178,22190676,0.01282494,1.15665259,1
1506325418,22190215,0.01282452,100.00000000,1
1506324795,22189855,0.01283764,10.00000000,1
1506323512,22188615,0.01283965,7.71123317,0
1506323510,22188614,0.01285990,6.24172815,1
1506323025,22188435,0.01286999,16.54709910,0
1506323005,22188419,0.01287994,3.23372492,0
1506322999,22188416,0.01287995,15.40999500,0
1506322878,22188348,0.01288999,1.16090703,0
1506322850,22188331,0.01285990,1.35187677,1
1506322641,22188229,0.01285990,2.40639508,1
1506322099,22187928,0.01286804,1.51607000,1
1506322098,22187927,0.01286803,24.12420000,1
1506322098,22187926,0.01289000,0.20000000,1
1506320714,22186994,0.01286000,0.60000000,1
1506320198,22186660,0.01285999,2.00000000,0
1506317879,22185770,0.01287000,1.00000000,1
1506317621,22185707,0.01290000,1.59933178,1
1506314722,22184301,0.01287000,4.62175148,0
1506314722,22184300,0.01286999,14.55486079,0
1506314718,22184296,0.01286997,6.80770817,0
1506314664,22184269,0.01287997,2.01801712,0
1506314011,22183748,0.01288896,9.55644900,0
1506314008,22183746,0.01288896,1.08200000,0
1506314004,22183742,0.01288886,23.27138200,0
1506313928,22183513,0.01285930,0.78853400,0
1506313274,22182557,0.01279671,9.97884453,1
1506313216,22182454,0.01282000,0.89974913,1
1506312984,22182263,0.01285950,0.84353000,0
1506312707,22182077,0.01285997,0.75075000,0
1506312126,22181664,0.01282040,20.06628263,1
1506312006,22181603,0.01282176,9.99999481,1
1506312006,22181602,0.01287161,0.00000019,1
1506310795,22180963,0.01287161,81.02008900,1
1506310719,22180955,0.01287161,5.62255200,1
1506310636,22180926,0.01287161,20.03032400,1
1506308861,22180158,0.01288000,0.49300000,1
1506308856,22180156,0.01288000,0.00700000,1
1506308856,22180155,0.01288007,10.00000000,1
1506307030,22178790,0.01290402,17.04174652,0
1506307023,22178771,0.01290401,19.93626100,0
1506305919,22176787,0.01290407,11.57182662,1
1506305775,22176432,0.01292000,0.50000000,1
1506301951,22175588,0.01297007,10.03407383,0
1506298015,22174730,0.01294116,0.92223000,1
