date,tid,price,amount,type
1506383942,22239357,44.10,2.74420038,0
1506383146,22239184,43.88,5.23158186,1
1506382153,22238923,43.98,2.00000000,1
1506382129,22238914,44.15,0.00500000,1
1506382125,22238912,44.15,2.99500000,1
1506380418,22238255,43.97,9.72219837,1
1506380381,22238217,44.09,14.42152673,1
1506380317,22238178,44.25,3.97000000,1
1506379976,22237785,44.17,0.87248362,1
1506379826,22237716,44.17,4.82751638,1
1506379825,22237714,44.21,0.87248362,1
1506378974,22237413,44.27,5.30636600,0
1506378966,22237408,44.43,0.15000000,0
1506378902,22237360,44.39,0.12000000,0
1506378873,22237354,44.30,2.96903775,0
1506378873,22237353,44.30,6.03096225,0
1506378865,22237352,44.30,7.16903775,0
1506378865,22237351,44.30,4.83096225,0
1506378850,22237346,44.30,13.20903775,1
1506378826,22237330,44.39,0.12000000,0
1506378816,22237326,44.39,0.12000000,0
1506378777,22237320,44.39,0.12000000,0
1506378552,22237237,44.39,0.12000000,0
1506378459,22237211,44.36,2.53573300,1
1506378436,22237198,44.35,20.38376551,1
1506378435,22237195,44.35,20.38308907,1
1506378433,22237187,44.35,20.38263811,1
1506378066,22236994,44.53,5.91000000,0
1506378066,22236993,44.49,0.12000000,0
1506377946,22236945,44.54,7.17000000,0
1506377865,22236900,44.49,14.12516693,0
1506377864,22236899,44.49,0.12000000,0
1506377864,22236898,44.48,6.48217934,0
1506377862,22236895,44.39,0.12000000,0
1506377841,22236880,44.29,0.12000000,0
1506377759,22236798,44.29,0.12000000,0
1506377757,22236797,44.28,11.71682014,1
1506377572,22236639,44.46,1.70000000,0
1506377491,22236584,44.33,7.00000000,1
1506377384,22236488,44.56,0.94008079,0
1506377378,22236487,44.55,10.00023000,0
1506377358,22236477,44.51,4.81000000,0
1506377326,22236457,44.51,23.00000000,0
1506377319,22236454,44.33,0.71221138,1
1506377294,22236448,44.49,0.12000000,0
1506377069,22236242,44.48,6.77096500,1
1506376789,22235856,44.60,0.55508000,1
1506376787,22235850,44.59,0.12000000,0
1506376787,22235849,44.54,0.52962925,0
1506376781,22235828,44.50,5.00000000,0
1506376776,22235802,44.54,5.47000000,0
1506376771,22235787,44.54,3.00000000,0
1506376761,22235775,44.49,0.12000000,0
1506376760,22235774,44.47,13.44313400,0
1506376754,22235760,44.48,1.00000000,0
1506376679,22235675,44.39,0.12000000,0
1506376577,22235576,44.51,0.12248485,0
1506376566,22235572,44.50,0.40000000,0
1506376552,22235562,44.43,0.19000000,0
1506376452,22235523,44.44,7.43316832,0
1506376239,22235390,44.48,0.20000000,0
1506376230,22235388,44.49,0.12000000,0
1506376218,22235381,44.46,12.00000000,0
1506376201,22235377,44.37,9.00000000,0
1506376170,22235366,44.42,1.64000000,1
1506376170,22235365,44.41,19.36000000,0
1506376155,22235355,44.42,1.00000000,0
1506376145,22235350,44.47,1.51191566,0
1506376145,22235349,44.46,0.18977789,1
1506376143,22235347,44.46,0.59586353,0
1506376138,22235345,44.39,0.78221131,1
1506376137,22235344,44.39,0.12000000,0
1506376137,22235343,44.35,6.97778869,0
1506376137,22235342,44.29,0.12000000,0
1506376096,22235324,44.27,9.58069000,1
1506376090,22235318,44.27,10.61640000,1
1506376089,22235317,44.25,0.67180000,0
1506376088,22235316,44.25,11.28820000,0
1506376087,22235315,44.22,11.16820000,0
1506376070,22235311,44.26,3.00000000,0
1506376033,22235293,44.19,0.12000000,0
1506375997,22235265,44.34,0.54852095,1
1506375997,22235264,44.34,0.24147905,0
1506375997,22235263,44.31,11.21000000,0
1506375988,22235242,44.31,3.00000000,0
1506375977,22235232,44.24,1.00000000,0
1506375973,22235229,44.20,3.78000000,0
1506375973,22235228,44.19,18.91000000,0
1506375964,22235225,44.16,8.00000000,0
1506375960,22235219,44.23,6.00000000,0
1506375941,22235200,44.28,3.00000000,0
1506375894,22235148,44.15,17.00000000,0
1506375893,22235146,44.16,33.60824885,0
1506375893,22235145,44.16,12.06000000,1
1506375893,22235144,44.16,10.00000000,1
1506375893,22235143,44.37,37.75000000,1
1506375888,22235141,44.38,28.38350609,1
1506375864,22235108,44.35,5.68760000,1
1506375701,22234903,44.39,0.88000000,1
1506375700,22234898,44.39,0.12000000,0
1506375687,22234883,44.40,8.84800000,0
1506375686,22234882,44.39,0.15200000,0
1506375683,22234873,44.39,16.00000000,0
1506375680,22234865,44.39,7.00000000,0
1506375676,22234857,44.29,0.12000000,0
1506375669,22234838,44.37,5.00000000,0
1506375662,22234827,44.37,5.00000000,1
1506375630,22234768,44.37,5.00000000,0
1506375577,22234671,44.54,28.70569370,1
1506375577,22234670,44.54,32.77107900,1
1506375576,22234669,44.54,5.47034000,1
1506375576,22234667,44.49,0.12000000,0
1506375576,22234666,44.39,0.12000000,0
1506375576,22234665,44.34,5.00000000,1
1506375573,22234663,44.33,9.77355290,0
1506375558,22234653,44.33,0.74644710,0
1506375514,22234617,44.26,3.16000000,0
1506375513,22234616,44.25,12.84000000,0
1506375510,22234614,44.25,1.77400000,0
1506375510,22234613,44.25,4.22600000,0
1506375506,22234612,44.25,9.00000000,0
1506375497,22234601,44.25,2.00000000,0
1506375491,22234596,44.25,15.00000000,0
1506375470,22234584,44.24,2.00000000,0
1506375467,22234582,44.24,8.00000000,0
1506375457,22234569,44.24,7.00000000,0
1506375448,22234564,44.28,3.00000000,0
1506375424,22234559,44.29,0.12000000,0
1506375409,22234554,44.28,7.00000000,1
1506375389,22234527,44.19,0.12000000,0
1506375238,22234480,44.04,1.71611000,0
1506375237,22234479,44.03,0.04060000,1
1506375237,22234478,44.08,43.64000000,1
1506375105,22234349,44.19,0.12000000,0
1506375105,22234348,44.18,3.88000000,0
1506375098,22234332,44.09,0.12000000,0
1506375097,22234325,44.08,8.00000000,0
1506375076,22234310,44.09,0.12000000,0
1506375073,22234308,44.08,4.00000000,0
1506375061,22234291,44.15,1.00000000,0
1506375039,22234257,44.15,3.00000000,0
1506375022,22234236,44.15,1.00000000,0
1506374879,22234119,44.18,0.12000000,0
1506374745,22234091,44.14,4.46261894,0
1506374656,22234048,44.11,15.00000000,1
1506374537,22234008,44.12,2.21343494,1
1506374379,22233964,44.09,25.00000000,0
1506374274,22233921,44.10,0.18203000,0
1506374248,22233916,44.08,0.12000000,0
1506374244,22233915,44.07,6.00000000,0
1506374225,22233913,44.08,16.00000000,0
1506374132,22233878,44.11,12.00000000,0
1506374055,22233849,44.10,6.00000000,0
1506374025,22233844,44.01,3.00000000,0
1506374020,22233843,44.05,3.00000000,0
1506374017,22233842,44.05,3.00000000,0
1506374013,22233841,44.05,1.83662000,0
1506374012,22233840,44.05,1.13169000,0
1506374011,22233839,44.01,8.64982000,0
1506374010,22233838,44.02,3.00000000,0
1506373986,22233828,43.73,0.99233214,1
1506373986,22233827,43.80,20.00000000,1
1506373986,22233826,43.80,1.00957020,1
1506373986,22233825,43.81,2.57000000,1
1506373985,22233824,43.88,6.47000000,1
1506373985,22233822,43.89,0.26597450,1
1506373985,22233820,43.90,18.03000000,1
1506373984,22233818,43.91,47.34000000,1
1506373984,22233817,43.91,32.35000000,1
1506373983,22233816,43.94,66.97212316,1
1506373899,22233790,43.98,7.34301501,0
1506373899,22233789,44.00,1.10000000,1
1506373898,22233788,44.01,1.43109015,1
1506373870,22233770,44.23,1.95681664,0
1506373868,22233768,44.19,0.12000000,0
1506373816,22233740,44.09,0.12000000,0
1506373778,22233709,44.11,13.30000000,0
1506373770,22233697,44.11,3.00000000,0
1506373355,22233474,44.08,4.89563562,0
1506373354,22233473,44.08,1.42817154,1
1506373096,22233346,44.00,0.18368599,0
1506373094,22233343,44.08,1.50631401,1
1506373090,22233341,43.81,7.01565924,0
1506373089,22233340,43.99,2.55000000,1
1506373089,22233339,44.03,13.74889308,0
1506373089,22233338,44.12,10.00000000,1
1506373087,22233337,44.16,0.24144768,1
1506372984,22233260,44.19,1.91391678,1
1506372984,22233259,44.20,5.50000000,1
1506372915,22233222,44.31,2.65000000,1
1506372880,22233208,44.34,1.00000000,0
1506372583,22232991,44.40,5.00023000,0
1506372579,22232989,44.40,10.00000000,0
1506372537,22232969,44.44,0.25023000,0
1506372483,22232952,44.48,2.59037769,0
1506372481,22232951,44.38,0.65518668,0
1506372481,22232950,44.38,0.12000000,0
1506372051,22232703,44.26,8.81400000,1
1506372014,22232673,44.50,5.59609100,1
1506372013,22232672,44.50,22.77767500,1
1506372013,22232671,44.50,7.57138200,1
1506372013,22232670,44.50,16.37194800,1
1506372013,22232668,44.50,11.21726000,1
1506372013,22232667,44.50,33.63930700,1
1506372012,22232665,44.50,13.77180600,1
1506372012,22232664,44.50,1.02419400,1
1506372011,22232658,44.49,0.12000000,0
1506371795,22232528,44.53,49.12277098,1
1506371766,22232501,44.53,91.83984900,1
1506371761,22232492,44.53,29.23696400,1
1506371742,22232440,44.54,1.12818359,1
1506371742,22232439,44.54,1.17151800,1
1506371732,22232425,44.54,4.27304200,1
1506371732,22232422,44.54,10.69695800,1
1506371725,22232407,44.54,30.03304200,1
1506371713,22232381,44.54,4.44216400,1
1506371710,22232375,44.54,8.38568000,1
1506371704,22232361,44.54,1.42320000,1
1506371701,22232354,44.66,1.11200000,0
1506371652,22232253,44.69,2.44998881,1
1506371652,22232252,44.68,7.41000000,0
1506371650,22232244,44.59,0.12000000,0
1506371587,22232098,44.51,20.57762301,0
1506371587,22232096,44.50,2.54000000,0
1506371583,22232080,44.50,9.00000000,0
1506371570,22232055,44.50,8.00000000,0
1506371562,22232037,44.51,3.15087400,1
1506371562,22232036,44.49,0.12000000,0
1506371500,22231894,44.43,0.83304857,0
1506371449,22231764,44.40,6.30000000,0
1506371422,22231708,44.41,1.00000000,0
1506371409,22231692,44.41,9.24498987,0
1506371404,22231685,44.41,4.00000000,0
1506371375,22231664,44.41,16.00000000,0
1506371028,22231418,44.39,0.12000000,0
1506370994,22231407,44.30,8.00000000,1
1506370947,22231383,44.33,3.86000000,0
1506370947,22231382,44.30,2.55544000,1
1506370942,22231372,44.34,93.87200000,0
1506370937,22231360,44.34,25.00000000,0
1506370934,22231359,44.33,4.58000000,0
1506370588,22231219,44.34,5.59788001,0
1506370588,22231218,44.33,5.44000000,0
1506370588,22231216,44.33,0.12000000,0
1506370586,22231215,44.31,0.12000000,0
1506370561,22231205,44.29,0.12000000,0
1506370525,22231196,44.27,0.12000000,0
1506370525,22231195,44.27,0.12000000,0
1506370511,22231192,44.25,0.12000000,0
1506370103,22230976,44.29,0.12000000,0
1506370031,22230959,44.46,70.94025635,0
1506370031,22230958,44.46,1.41871800,1
1506370030,22230957,44.41,105.00000000,0
1506370030,22230955,44.40,1.34000000,0
1506370029,22230954,44.33,2.08594632,1
1506370028,22230953,44.33,6.72000000,0
1506370019,22230946,44.37,10.49194577,1
1506370019,22230944,44.37,27.14826000,1
1506370018,22230943,44.36,29.81100000,0
1506369827,22230831,44.47,2.01933888,0
1506369681,22230692,44.52,1.00000000,0
1506369675,22230685,44.53,40.30023000,0
1506369673,22230683,44.47,9.70000000,0
1506369656,22230669,44.31,7.25000000,1
1506369626,22230661,44.40,0.68100276,1
1506369616,22230651,44.40,8.00000000,1
1506369609,22230639,44.40,10.96285400,1
1506369601,22230617,44.40,8.68100300,1
1506369568,22230582,44.40,3.33465500,1
1506369566,22230576,44.40,30.88451000,1
1506369566,22230574,44.40,27.45597524,1
1506369548,22230561,44.28,12.75000000,1
1506369533,22230553,44.31,7.75000000,1
1506369493,22230535,44.53,5.77857624,1
1506369492,22230534,44.50,9.40000000,0
1506369492,22230532,44.49,0.12000000,0
1506369492,22230531,44.48,1.51000000,0
1506369315,22230384,44.53,52.80280960,1
1506369315,22230383,44.53,1.61760100,1
1506369315,22230382,44.53,1.11625400,1
1506369315,22230379,44.53,1.09347300,1
1506369314,22230376,44.53,27.51322400,1
1506369314,22230375,44.53,9.44606000,1
1506369313,22230374,44.53,22.15348000,1
1506369313,22230373,44.53,1.27781500,1
1506369313,22230372,44.53,13.28026700,1
1506369312,22230368,44.53,27.45901640,1
1506369311,22230367,44.53,0.12000000,1
1506369310,22230365,44.49,0.12000000,0
1506369234,22230329,44.30,9.40429000,1
1506369234,22230328,44.29,9.40358000,1
1506369193,22230305,44.24,10.90000000,1
1506369192,22230300,44.59,2.58209300,1
1506369192,22230299,44.59,29.88908887,1
1506369191,22230298,44.58,1.86000000,1
1506369191,22230297,44.58,5.09644000,1
1506369191,22230296,44.50,10.00000000,0
1506369191,22230294,44.49,0.12000000,0
1506369190,22230293,44.45,22.62000000,0
1506369190,22230291,44.44,9.32000000,1
1506369190,22230290,44.44,19.28000000,0
1506369188,22230287,44.39,0.12000000,0
1506369101,22230227,44.35,3.00000000,0
1506369097,22230212,44.35,14.00000000,0
1506369023,22230156,44.34,1.92000000,0
1506368797,22229996,44.31,45.94877002,1
1506368796,22229995,44.29,0.12000000,0
1506368796,22229994,44.19,0.12000000,0
1506368794,22229993,44.09,0.12000000,0
1506368605,22229840,43.99,1.00000000,1
1506368573,22229816,44.02,25.14590000,1
1506368573,22229815,44.02,16.36410000,1
1506368430,22229757,44.10,2.03513942,0
1506368397,22229708,44.01,2.01669648,0
1506368360,22229679,43.89,3.49826000,1
1506368360,22229678,44.01,1.03972000,1
1506368347,22229655,44.19,3.00000000,1
1506368339,22229651,44.23,20.87316301,0
1506368339,22229650,44.21,10.83000000,0
1506368338,22229649,44.19,0.12000000,0
1506368338,22229648,44.19,7.72223549,0
1506368338,22229647,44.09,21.32000000,0
1506368338,22229646,44.09,0.12000000,0
1506368337,22229643,44.08,15.38976970,1
1506368337,22229642,44.08,16.74000000,1
1506368280,22229620,44.01,3.96028000,1
1506368185,22229556,44.00,6.25000000,1
1506368044,22229416,44.01,1.29734000,0
1506368031,22229409,44.17,0.00440000,1
1506368031,22229408,44.17,0.87560000,1
1506368029,22229406,44.10,2.00000000,0
1506368029,22229405,44.09,0.12000000,0
1506368023,22229401,44.05,2.44486571,0
1506368023,22229400,44.05,0.55513429,0
1506368012,22229392,44.01,2.37020243,1
1506367851,22229340,43.99,0.12000000,0
1506367792,22229328,43.97,0.12000000,0
1506367792,22229327,43.94,3.03987270,0
1506367789,22229325,43.94,5.00000000,0
1506367767,22229315,43.94,3.00000000,0
1506367755,22229312,43.94,9.00000000,0
1506367736,22229270,43.93,3.00000000,0
1506367660,22229218,43.89,0.12000000,0
1506367647,22229213,43.89,0.12000000,0
1506367592,22229171,43.89,0.12000000,0
1506367308,22229027,43.76,0.68013262,1
1506367286,22229018,43.99,0.56012730,0
1506367284,22229015,43.98,0.12000000,0
1506367218,22228970,43.94,14.00000000,1
1506367202,22228964,43.94,5.00000000,1
1506367195,22228960,43.93,0.12383337,1
1506367184,22228954,43.93,11.00000000,1
1506367170,22228940,43.95,0.88000000,1
1506367169,22228939,43.95,0.12000000,0
1506367154,22228927,43.92,0.14628833,0
1506367070,22228857,43.89,0.15000000,1
1506366958,22228825,43.89,0.12000000,0
1506366825,22228765,43.94,5.07227065,1
1506366825,22228762,43.92,2.62883257,0
1506366823,22228760,43.89,0.12000000,0
1506366736,22228745,43.85,0.12000000,0
1506366600,22228675,43.87,12.00000000,0
1506366556,22228664,43.88,2.00000000,0
1506366383,22228592,43.75,23.75800000,0
1506366382,22228591,43.75,6.93000000,1
1506366196,22228538,43.95,0.00010516,1
1506366195,22228537,43.92,1.16399727,1
1506366194,22228534,43.92,5.00000000,0
1506366194,22228533,43.92,3.89612757,0
1506365984,22228397,43.90,1.86366000,1
1506365983,22228392,43.99,3.00000000,0
1506365976,22228377,44.00,3.00000000,0
1506365969,22228369,44.00,3.00000000,0
1506365962,22228368,44.00,3.00000000,0
1506365954,22228361,44.01,3.00000000,0
1506365906,22228316,44.10,3.00000000,0
1506365899,22228315,44.08,3.00000000,0
1506365894,22228314,44.08,3.00000000,0
1506365857,22228294,44.13,2.73000000,0
1506365856,22228292,43.80,10.00000000,0
1506365854,22228290,43.52,12.59000000,1
1506365853,22228289,43.52,25.00000000,1
1506365853,22228288,43.60,20.00000000,1
1506365853,22228287,43.60,10.00000000,1
1506365853,22228286,43.61,30.00000000,1
1506365853,22228285,43.61,45.12000000,1
1506365853,22228284,43.90,19.28000000,1
1506365830,22228266,44.01,19.26908200,1
1506365811,22228254,44.08,1.63099008,1
1506365811,22228253,44.13,0.00000265,1
1506365803,22228236,44.13,0.55517000,1
1506365730,22228172,44.19,0.46870401,0
1506365729,22228171,44.19,0.12000000,0
1506365525,22228118,44.19,9.40429000,1
1506365408,22228077,44.27,1.00021480,1
1506365406,22228075,44.37,0.00023596,1
1506365393,22228070,44.37,4.99976404,1
1506365318,22228044,44.37,1.00045076,0
1506365270,22228031,44.29,0.12000000,0
1506365037,22227909,44.29,0.12000000,0
1506365007,22227906,44.29,0.12000000,0
1506364681,22227759,44.30,0.13055126,0
1506364681,22227758,44.30,0.55222989,0
1506364681,22227757,44.29,0.12000000,0
1506364371,22227520,44.09,1.78705930,0
1506364341,22227485,44.50,1.85432359,1
1506364340,22227480,44.52,44.28052129,1
1506364340,22227479,44.52,11.07460000,1
1506364340,22227478,44.50,46.00000000,0
1506364339,22227477,44.49,30.46274300,1
1506364339,22227476,44.49,31.85000000,0
1506364339,22227475,44.49,0.12000000,0
1506364339,22227474,44.49,22.84705700,1
1506364339,22227473,44.48,15.72000000,0
1506364339,22227472,44.48,12.01445000,1
1506364338,22227471,44.47,3.14000000,0
1506364338,22227470,44.39,0.12000000,0
1506364338,22227468,44.33,1.87236660,0
1506364337,22227467,44.30,4.96390358,0
1506364331,22227458,44.30,1.88000000,0
1506364329,22227456,44.19,0.12000000,0
1506364286,22227421,44.22,15.28000000,0
1506364285,22227420,44.09,0.12000000,0
1506364274,22227400,44.22,4.00000000,0
1506364268,22227394,44.29,3.03285617,0
1506364268,22227393,44.29,0.12000000,0
1506364268,22227392,44.22,19.28000000,0
1506364266,22227391,44.19,0.12000000,0
1506364217,22227338,44.09,0.12000000,0
1506364138,22227292,44.16,2.20772080,0
1506364089,22227251,44.11,9.00000000,0
1506364083,22227249,43.92,11.09314879,0
1506364082,22227245,43.92,38.22000000,1
1506364072,22227235,44.09,0.12000000,0
1506364072,22227234,43.99,0.12000000,0
1506364058,22227225,43.98,1.11798748,0
1506364057,22227224,44.06,6.99267252,1
1506364056,22227222,44.06,0.12000000,1
1506364054,22227218,44.06,1.11547163,1
1506364052,22227211,44.05,1.65185585,0
1506364052,22227210,43.99,0.12000000,0
1506364035,22227192,44.12,10.97107974,1
1506364033,22227191,44.09,0.12000000,0
1506363993,22227144,43.99,0.88388578,0
1506363993,22227143,43.99,1.00298700,0
1506363993,22227142,43.99,0.12000000,0
1506363984,22227131,43.98,1.00000000,0
1506363956,22227094,43.98,2.01416800,0
1506363948,22227084,43.93,0.00000182,0
1506363944,22227075,43.93,0.29704818,1
1506363942,22227071,43.93,0.17154582,0
1506363942,22227070,43.92,1.53140600,0
1506363926,22227058,43.89,0.12000000,0
1506363748,22226964,43.80,0.73142999,0
1506363748,22226963,43.79,0.12000000,0
1506363748,22226962,43.77,4.88494112,0
1506363742,22226959,43.77,3.00000000,0
1506363734,22226956,43.77,0.31154534,0
1506363734,22226955,43.76,0.68845466,0
1506363674,22226934,43.77,3.00000000,0
1506363667,22226930,43.77,2.88000000,0
1506363667,22226929,43.69,0.12000000,0
1506363628,22226900,43.65,0.80000000,1
1506363619,22226896,43.64,23.99245500,0
1506363617,22226892,43.64,6.00000000,0
1506363548,22226850,43.69,11.19843700,1
1506363489,22226787,43.68,1.14404800,1
1506363487,22226786,43.68,24.05822200,1
1506363437,22226750,43.69,0.12000000,0
1506363384,22226732,43.71,4.12000000,1
1506363338,22226712,43.75,3.42034286,0
1506363305,22226682,43.62,11.53344606,1
1506363293,22226667,43.62,10.00000000,1
1506363276,22226659,43.70,5.17000000,0
1506363132,22226542,43.69,10.00000000,0
1506363126,22226537,43.61,0.88102000,0
1506362781,22226387,43.60,4.41774900,1
1506362589,22226292,43.73,0.17148983,1
1506362589,22226291,43.73,0.88388578,1
1506362532,22226260,43.73,1.00298700,1
1506362164,22225997,43.86,1.00000000,0
1506362160,22225996,43.87,11.00000000,0
1506362095,22225957,43.90,2.82119489,0
1506362095,22225956,43.89,8.17880511,0
1506362059,22225933,43.83,1.52000000,0
1506362050,22225930,43.83,7.00000000,0
1506362037,22225928,43.84,4.00000000,0
1506362017,22225925,43.88,7.00000000,0
1506362013,22225924,43.91,23.00000000,0
1506361940,22225895,43.77,1.10000000,1
1506361940,22225894,43.83,2.00000000,1
1506361940,22225893,43.85,2.00000000,1
1506361938,22225890,43.90,1.00000000,1
1506361933,22225889,43.90,1.00000000,1
1506361891,22225869,44.00,1.13340909,0
1506361875,22225853,43.92,3.35041300,1
1506361875,22225852,43.93,34.64258700,1
1506361875,22225851,43.93,18.96741300,1
1506361875,22225850,43.93,5.45615800,1
1506361873,22225849,43.93,14.54384200,1
1506361837,22225830,44.01,6.81890479,0
1506361835,22225829,44.00,2.24772728,0
1506361788,22225749,44.01,5.00000000,0
1506361780,22225746,44.01,7.00000000,0
1506361733,22225736,44.01,1.00000000,0
1506361721,22225725,44.01,7.00000000,0
1506361716,22225718,44.01,7.00000000,0
1506361707,22225716,44.01,8.00000000,0
1506361693,22225710,44.04,0.76000000,1
1506361693,22225709,44.04,10.24000000,0
1506361683,22225701,44.06,46.82000000,0
1506361652,22225684,43.91,46.31682400,1
1506361652,22225683,43.95,2.00000000,1
1506361632,22225663,44.01,20.62521462,1
1506361458,22225550,43.99,1.21390000,1
1506361436,22225523,44.12,0.22597461,0
1506361354,22225464,43.88,14.40000000,1
1506361354,22225463,43.89,0.60000000,1
1506361276,22225417,43.96,38.49000000,1
1506361215,22225378,43.87,0.50000000,1
1506361168,22225357,43.87,0.50000000,1
1506361133,22225316,44.07,1.87236660,0
1506361127,22225310,44.21,7.82290583,0
1506361127,22225308,44.21,20.05880700,1
1506361127,22225306,44.19,70.90432152,0
1506361126,22225305,44.18,26.78017300,0
1506361126,22225304,44.18,44.76095349,1
1506361126,22225303,44.17,5.81000000,1
1506361126,22225302,44.16,1.16000000,1
1506361125,22225301,44.13,1.87792866,0
1506361125,22225300,44.05,6.00000000,0
1506361124,22225299,44.02,1.88558188,0
1506361124,22225297,44.00,5.12063655,0
1506361122,22225293,43.96,7.53901873,0
1506361087,22225266,43.93,5.17000000,0
1506361087,22225265,43.91,10.83000000,0
1506361057,22225246,43.91,12.00000000,0
1506361051,22225244,43.91,12.64000000,0
1506361051,22225242,43.90,2.36000000,0
1506361046,22225238,43.90,2.00000000,0
1506361003,22225197,43.89,24.32700000,0
1506360990,22225188,43.85,9.40000000,0
1506360954,22225168,43.67,3.23773708,0
1506360945,22225162,43.90,8.41259471,1
1506360943,22225160,43.90,53.57740529,0
1506360888,22225141,43.80,2.00000000,0
1506360885,22225135,43.84,4.99672955,1
1506360883,22225131,43.81,0.00327045,0
1506360865,22225105,43.85,4.67707955,1
1506360864,22225103,43.85,0.32292045,0
1506360850,22225093,43.85,1.57000000,0
1506360850,22225092,43.84,2.24000000,0
1506360850,22225091,43.82,11.19000000,0
1506360806,22225016,43.73,2.00000000,0
1506360798,22224996,43.73,7.00000000,0
1506360789,22224984,43.75,2.00000000,0
1506360785,22224979,43.75,1.00000000,0
1506360759,22224955,43.78,0.51057471,0
1506360756,22224954,43.78,9.00000000,1
1506360738,22224937,43.74,5.75827340,0
1506360734,22224930,43.83,9.94132033,1
1506360733,22224929,43.74,0.09000000,0
1506360732,22224927,43.74,20.00000000,0
1506360666,22224871,43.52,2.43000000,0
1506360654,22224860,43.51,18.94324684,1
1506360652,22224858,43.58,0.13000000,1
1506360628,22224833,43.59,1.89292045,1
1506360628,22224832,43.60,0.25830751,1
1506360623,22224821,43.69,9.00000000,0
1506360583,22224779,43.69,0.77000000,0
1506360522,22224612,43.73,1.18897696,0
1506360509,22224565,43.76,18.14600000,1
1506360497,22224538,43.76,1.13400000,1
1506360453,22224430,43.77,1.46905678,1
1506360453,22224429,43.59,5.59094322,0
1506360452,22224428,43.59,16.60500000,0
1506360452,22224427,43.67,0.13000000,1
1506360452,22224426,43.73,0.11502401,1
1506360452,22224425,43.73,35.26000000,0
1506360451,22224424,43.74,0.13000000,1
1506360451,22224423,43.76,1.88558188,1
1506360451,22224422,43.79,0.11486641,1
1506360450,22224421,43.80,7.05000000,1
1506360450,22224420,43.82,0.13000000,1
1506360450,22224419,43.86,0.13000000,1
1506360449,22224418,43.88,32.60858448,1
1506360448,22224417,43.88,2.59141552,1
1506360448,22224415,43.89,1.87792866,1
1506360437,22224403,43.96,3.48000000,1
1506360437,22224400,43.96,2.27870957,1
1506360436,22224398,43.96,11.03129043,1
1506360436,22224397,43.96,2.48000000,1
1506360436,22224395,43.96,3.48870957,1
1506360432,22224388,43.96,11.29129043,1
1506360432,22224387,43.96,2.00643787,1
1506360427,22224377,43.96,0.71415149,1
1506360421,22224356,43.96,1.78015050,1
1506360418,22224346,43.96,13.21628504,1
1506360410,22224339,43.96,1.56297510,1
1506360410,22224338,43.97,0.11371390,1
1506360409,22224337,43.99,0.11366220,1
1506360409,22224336,43.99,0.11366220,1
1506360409,22224335,43.99,0.11366220,1
1506360409,22224334,43.99,0.11366220,1
1506360409,22224332,43.99,0.11366220,1
1506360409,22224328,44.00,0.25000000,1
1506360402,22224325,44.01,5.42694500,1
1506360401,22224324,44.01,4.57305500,1
1506360333,22224277,44.07,0.13000000,1
1506360279,22224208,44.17,2.07765452,0
1506360254,22224183,44.08,2.97900000,1
1506360133,22224075,44.19,11.28649016,0
1506360046,22224027,44.14,7.59517766,1
1506360043,22224025,44.18,3.87432000,0
1506359776,22223864,44.19,50.00000000,0
1506359775,22223863,44.19,50.00000000,0
1506359775,22223861,44.19,50.00000000,0
1506359775,22223859,44.19,50.00000000,0
1506359774,22223858,44.19,50.00000000,0
1506359774,22223857,44.19,50.00000000,0
1506359774,22223856,44.19,37.73000000,0
1506359774,22223855,44.18,12.27000000,0
1506359771,22223850,44.17,34.38000000,1
1506359766,22223830,44.16,6.39066743,1
1506359765,22223829,44.16,15.31000000,1
1506359765,22223828,44.16,13.29933257,1
1506359757,22223820,44.18,5.00000000,0
1506359754,22223811,44.18,0.11272069,0
1506359745,22223806,44.19,11.00000000,0
1506359744,22223805,44.19,16.00000000,0
1506359697,22223757,44.19,0.12000000,0
1506359635,22223716,44.16,2.01066743,1
1506359635,22223715,44.16,11.49730822,1
1506359635,22223714,44.17,50.12866300,0
1506359633,22223712,44.18,50.12896900,1
1506359619,22223702,44.17,17.49350956,0
1506359613,22223695,44.17,9.00000000,0
1506359608,22223691,44.17,18.00000000,0
1506359594,22223682,44.16,3.64269178,1
1506359588,22223679,44.17,1.12904686,0
1506359580,22223676,44.16,0.17000000,1
1506359580,22223675,44.16,15.31000000,1
1506359567,22223669,44.16,0.20000000,0
1506359546,22223661,44.17,0.47314405,1
1506359476,22223603,44.21,2.73903000,0
1506359475,22223602,44.19,0.12000000,0
1506359474,22223601,44.18,9.61693162,1
1506359401,22223549,44.18,0.38306838,1
1506359393,22223544,44.18,8.10000000,1
1506359365,22223523,44.19,7.23303200,1
1506359364,22223522,44.20,0.85886800,1
1506359335,22223510,44.20,3.60113200,1
1506359334,22223508,44.20,4.54000000,1
1506359301,22223424,44.57,5.91615256,0
1506359301,22223419,44.54,3.97000000,0
1506359301,22223418,44.54,5.74602567,1
1506359300,22223416,44.49,0.12000000,0
1506359300,22223413,44.43,19.84000000,0
1506359298,22223404,44.39,0.12000000,0
1506359298,22223400,44.30,8.30498897,1
1506359297,22223395,44.30,21.14474403,1
1506359296,22223385,44.30,40.00000000,1
1506359293,22223384,44.30,3.53500300,1
1506359293,22223383,44.30,5.60016400,1
1506359153,22223256,44.40,4.70513700,1
1506359125,22223242,44.41,3.02869000,1
1506359117,22223235,44.41,3.02561000,1
1506359116,22223233,44.41,3.02561000,1
1506359113,22223228,44.40,3.02561000,1
1506359112,22223223,44.40,3.02561000,1
1506359102,22223205,44.41,0.50000000,1
1506359048,22223179,44.41,1.11967700,1
1506359048,22223178,44.42,6.89805400,1
1506359047,22223177,44.42,5.00000000,1
1506359046,22223176,44.42,25.61879300,1
1506359046,22223175,44.42,1.32315300,1
1506359044,22223174,44.42,0.50000000,1
1506358968,22223131,44.39,0.12000000,0
1506358951,22223110,44.34,0.50000000,1
1506358942,22223097,44.37,3.97793700,1
1506358848,22223025,44.29,5.05160009,1
1506358812,22222988,44.22,5.70000000,0
1506358812,22222987,44.22,4.70000000,0
1506358808,22222985,44.20,7.75443157,0
1506358807,22222984,44.24,37.80000000,1
1506358807,22222982,44.25,15.44556843,1
1506358698,22222859,44.62,0.15000000,0
1506358665,22222799,44.43,22.24333311,0
1506358609,22222731,44.41,1.30000000,1
1506358529,22222501,44.60,18.00000022,1
1506358528,22222487,44.60,1.99999978,1
1506358330,22222300,44.53,7.60968018,1
1506358330,22222299,44.60,1.85014019,1
1506358330,22222298,44.60,0.11278027,1
1506358330,22222297,44.67,0.11260354,1
1506358329,22222295,44.69,1.84642174,1
1506358329,22222294,44.69,1.84642174,1
1506358326,22222293,44.85,8.37000000,1
1506358326,22222292,44.81,100.00000000,0
1506358326,22222291,44.79,0.12000000,0
1506358325,22222290,44.77,114.00000000,0
1506358254,22222226,44.86,7.07556843,1
1506358254,22222225,44.85,1.72000000,0
1506358254,22222222,44.79,0.12000000,0
1506358253,22222221,44.78,28.67262149,1
1506358253,22222220,44.76,8.58000000,0
1506358251,22222219,44.72,3.95100000,0
1506358232,22222209,44.72,3.00000000,0
1506358022,22221958,44.87,26.19000000,1
1506358022,22221957,44.86,23.81000000,0
1506357971,22221920,44.70,1.00584664,0
1506357951,22221908,44.78,0.13880000,1
1506357906,22221874,44.84,3.09016000,1
1506357905,22221871,44.84,3.09016000,1
1506357904,22221869,44.79,2.98021827,1
1506357904,22221868,44.81,0.11225173,1
1506357839,22221782,44.88,17.91678930,0
1506357789,22221764,44.83,2.46277000,1
1506357756,22221749,44.88,0.11163102,0
1506357733,22221737,44.88,1.83873342,0
1506357722,22221734,44.88,16.54718758,0
1506357722,22221733,44.88,1.84974388,0
1506357722,22221732,44.88,1.84972629,0
1506357721,22221731,44.86,1.85022519,0
1506357720,22221730,44.86,0.13000000,0
1506357706,22221728,44.80,5.88537427,0
1506357686,22221718,44.80,5.58705400,0
1506357685,22221717,44.80,0.11195193,0
1506357682,22221715,44.79,0.12000000,0
1506357682,22221714,44.79,0.00772321,0
1506357663,22221704,44.79,0.11227679,0
1506357650,22221691,44.80,0.41561980,0
1506357650,22221690,44.80,4.26961993,0
1506357639,22221683,44.80,0.48038007,1
1506357638,22221682,44.80,65.51961993,0
1506357579,22221568,44.82,0.09207943,1
1506357578,22221566,44.82,5.65000000,0
1506357571,22221564,44.84,0.11182748,0
1506357547,22221558,44.83,0.10430352,0
1506357547,22221557,44.79,0.00772321,0
1506357527,22221536,44.79,0.11227679,0
1506357496,22221522,44.69,0.12000000,0
1506357488,22221512,44.67,0.68361722,0
1506357465,22221486,44.67,2.46000000,0
1506357424,22221445,44.60,0.12000000,1
1506357373,22221398,44.67,6.85538278,0
1506357373,22221397,44.67,0.16507722,0
1506357332,22221348,44.62,5.10099718,1
1506357328,22221342,44.62,1.10943000,1
1506357315,22221338,44.60,3.28672000,1
1506357309,22221336,44.55,11.35330000,1
1506357286,22221318,44.58,0.50000000,1
1506357278,22221309,44.58,10.01645730,1
1506357277,22221308,44.59,9.98354270,1
1506357256,22221282,44.59,0.12000000,0
1506357242,22221271,44.54,0.50000000,0
1506357239,22221265,44.51,2.42331839,0
1506357239,22221264,44.59,0.57668161,1
1506357238,22221263,44.59,0.50000000,1
1506357223,22221253,44.60,0.00618800,0
1506357201,22221210,44.65,8.83614200,1
1506357167,22221191,44.65,2.98319800,1
1506357161,22221184,44.65,0.50000000,1
1506357150,22221174,44.67,0.80000000,0
1506357139,22221168,44.65,3.00066000,1
1506357133,22221161,44.65,22.62000000,1
1506357132,22221160,44.65,34.00000000,0
1506357132,22221159,44.65,0.50000000,0
1506357131,22221158,44.64,6.56000000,0
1506357130,22221157,44.62,6.03470416,0
1506357129,22221155,44.61,10.00000000,0
1506357034,22221081,44.62,8.91147467,1
1506357033,22221080,44.59,0.12000000,0
1506357033,22221079,44.57,3.11359211,0
1506357033,22221078,44.56,9.60000000,1
1506357031,22221075,44.52,9.60000000,0
1506356966,22220966,44.57,3.88640789,0
1506356966,22220965,44.57,14.04000000,1
1506356966,22220964,44.55,0.51571171,0
1506356965,22220963,44.49,0.12000000,0
1506356965,22220962,44.48,14.04000000,0
1506356965,22220961,44.46,1.01008846,1
1506356938,22220921,44.47,0.31691736,0
1506356938,22220916,44.46,1.00000000,0
1506356937,22220915,44.46,5.14255580,0
1506356937,22220914,44.39,0.12000000,0
1506356893,22220874,44.46,1.00000000,0
1506356803,22220790,44.33,4.97000000,1
1506356748,22220753,44.37,17.12000000,0
1506356747,22220748,44.37,14.00000000,0
1506356730,22220733,44.40,48.88000000,1
1506356715,22220714,44.40,1.00000000,1
1506356701,22220692,44.47,0.37811000,0
1506356699,22220691,44.47,1.00584664,0
1506356694,22220679,44.41,4.50000000,1
1506356688,22220660,44.41,9.00000000,1
1506356685,22220651,44.39,0.12000000,0
1506356595,22220588,44.33,38.29912001,1
1506356537,22220479,44.28,1.95865517,1
1506356404,22220308,44.46,1.62878400,1
1506356380,22220272,44.58,0.23473300,0
1506356365,22220238,44.58,3.67774600,1
1506356261,22220114,44.68,1.07206803,1
1506356261,22220113,44.66,1.38230820,0
1506356260,22220111,44.62,8.78000000,0
1506356236,22220091,44.67,22.78448062,0
1506356235,22220090,44.66,10.51000000,0
1506356235,22220088,44.60,10.00000000,0
1506356233,22220083,44.59,0.12000000,0
1506356166,22219999,44.46,11.35667413,1
1506356113,22219946,44.53,7.94400000,1
1506356113,22219942,44.53,2.56700000,1
1506356060,22219866,44.68,2.65919178,0
1506356060,22219865,44.59,0.12000000,0
1506356005,22219835,44.79,44.30621120,0
1506356005,22219834,44.79,0.12000000,0
1506356003,22219831,44.69,0.12000000,0
1506355946,22219783,44.78,4.82946712,0
1506355946,22219781,44.78,1.85387366,0
1506355872,22219666,44.72,0.00007199,1
1506355862,22219652,44.77,5.23584118,1
1506355861,22219651,44.77,14.63415882,1
1506355859,22219648,44.77,0.13000000,0
1506355850,22219638,44.72,20.67084057,1
1506355843,22219635,44.72,17.88908744,1
1506355839,22219631,44.72,1.00000000,1
1506355831,22219626,44.72,1.00000000,1
1506355826,22219621,44.72,0.99000000,1
1506355820,22219609,44.72,9.00000000,1
1506355812,22219595,44.72,0.90000000,1
1506355810,22219592,44.69,0.12000000,0
1506355810,22219591,44.67,10.31000000,0
1506355810,22219590,44.59,0.12000000,0
1506355706,22219396,44.59,0.12000000,0
1506355690,22219356,44.59,0.12000000,0
1506355679,22219331,44.49,0.12000000,0
1506355639,22219244,44.40,0.12000000,1
1506355633,22219225,44.59,9.64000000,1
1506355633,22219223,44.59,0.12000000,0
1506355633,22219221,44.49,0.12000000,0
1506355633,22219220,44.39,0.12000000,0
1506355584,22219037,44.49,0.88000000,0
1506355584,22219036,44.49,0.12000000,0
1506355582,22219023,44.39,0.12000000,0
1506355546,22218934,44.36,15.00000000,0
1506355544,22218930,44.33,0.50000000,1
1506355541,22218918,44.36,9.94839991,0
1506355540,22218912,44.35,2.91747464,0
1506355524,22218894,44.30,0.12000000,1
1506355464,22218784,44.27,46.98000000,1
1506355462,22218780,44.29,0.12000000,0
1506355433,22218767,44.27,5.60944207,1
1506355285,22218638,44.29,4.27920700,0
1506355278,22218628,44.29,9.94840000,0
1506355277,22218625,44.28,13.22000000,1
1506355276,22218624,44.29,18.00000000,0
1506355271,22218618,44.29,16.98317200,0
1506355269,22218617,44.29,4.33096200,0
1506355269,22218616,44.29,14.51203800,0
1506355269,22218615,44.29,26.03741700,0
1506355268,22218612,44.29,0.41467000,0
1506355267,22218610,44.29,5.49413400,0
1506355266,22218609,44.29,0.12000000,0
1506355266,22218608,44.28,15.70000000,0
1506355219,22218541,44.36,5.05160009,0
1506355175,22218455,44.23,3.56680964,1
1506355158,22218425,44.23,2.99960273,1
1506355158,22218424,44.29,0.00039727,1
1506355150,22218412,44.29,2.82817792,1
1506355149,22218408,44.29,3.00000000,1
1506355121,22218377,44.29,3.00000000,1
1506355121,22218376,44.29,5.24791127,1
1506355113,22218363,44.35,10.67756482,1
1506355111,22218361,44.31,3.00000000,0
1506355065,22218311,44.43,0.46330275,1
1506355053,22218308,44.45,10.90000000,0
1506355036,22218288,44.46,2.92202866,0
1506355036,22218287,44.46,1.47997000,0
1506355034,22218285,44.43,1.00000000,1
1506355023,22218273,44.43,10.90000000,1
1506355021,22218272,44.43,9.49272000,1
1506355018,22218261,44.43,0.50000000,1
1506355006,22218247,44.43,2.00000000,1
1506355005,22218245,44.43,3.00000000,1
1506354997,22218242,44.43,3.00000000,1
1506354988,22218233,44.43,0.40570523,1
1506354986,22218226,44.39,3.64970574,0
1506354978,22218223,44.43,12.16486035,0
1506354978,22218222,44.39,0.12000000,0
1506354976,22218221,44.34,3.00000000,0
1506354974,22218219,44.29,0.12000000,0
1506354904,22218135,44.30,0.30000000,0
1506354895,22218126,44.29,0.12000000,0
1506354887,22218116,44.29,1.00000000,0
1506354874,22218110,44.20,1.00000000,1
1506354753,22218003,44.11,44.16499292,0
1506354753,22218002,44.15,8.00000000,1
1506354753,22218001,44.15,39.98000000,1
1506354753,22218000,44.15,52.51685144,0
1506354752,22217999,44.34,0.11276500,1
1506354752,22217997,44.41,0.11258726,1
1506354752,22217996,44.41,0.11258726,1
1506354750,22217990,44.42,0.00021612,1
1506354744,22217972,44.42,0.11234579,1
1506354744,22217970,44.42,0.11256191,1
1506354744,22217968,44.42,8.38000000,1
1506354729,22217934,44.49,5.80355135,1
1506354727,22217931,44.47,0.25000000,0
1506354725,22217920,44.49,0.10577093,1
1506354696,22217903,44.50,10.16987529,1
1506354677,22217883,44.58,5.00023000,1
1506354676,22217880,44.51,2.50471669,1
1506354674,22217872,44.50,3.54808989,0
1506354673,22217863,44.50,9.10960623,1
1506354672,22217857,44.50,2.50396000,1
1506354671,22217852,44.51,2.50471669,0
1506354667,22217841,44.51,5.23073467,1
1506354665,22217837,44.50,3.66094700,1
1506354663,22217836,44.50,4.96272600,1
1506354663,22217835,44.51,17.75000000,1
1506354662,22217834,44.50,2.15345187,1
1506354662,22217833,44.51,2.81268413,1
1506354660,22217831,44.51,16.19006943,1
1506354658,22217828,44.51,1.68512300,1
1506354655,22217824,44.51,16.19006943,1
1506354596,22217740,44.50,3.00000000,1
1506354586,22217721,44.53,19.99999978,1
1506354571,22217678,44.69,1.84714226,0
1506354570,22217674,44.69,0.44671127,0
1506354570,22217673,44.69,0.12000000,0
1506354570,22217671,44.69,0.13000000,0
1506354568,22217669,44.66,0.67500000,0
1506354563,22217663,44.67,34.58218887,1
1506354562,22217662,44.66,19.28000000,0
1506354562,22217660,44.66,1.44395389,0
1506354562,22217658,44.66,0.13000000,0
1506354561,22217653,44.59,0.12000000,0
1506354529,22217594,44.50,9.00000000,1
1506354525,22217583,44.62,1.85022519,0
1506354524,22217575,44.49,1.45030908,1
1506354522,22217568,44.61,1.84974388,0
1506354521,22217563,44.62,103.14007171,1
1506354520,22217562,44.59,0.12000000,0
1506354520,22217561,44.59,0.13000000,0
1506354520,22217560,44.57,0.74000000,0
1506354520,22217557,44.55,1.74337692,0
1506354519,22217555,44.55,0.12000000,0
1506354519,22217553,44.53,1.85410996,0
1506354519,22217551,44.53,0.01002864,0
1506354517,22217549,44.50,1.00000000,0
1506354517,22217547,44.50,20.00000000,0
1506354517,22217545,44.50,5.42157304,0
1506354516,22217542,44.50,0.19235955,0
1506354515,22217540,44.49,0.12000000,0
1506354515,22217539,44.49,4.19400000,0
1506354514,22217536,44.44,5.59800000,1
1506354488,22217482,44.42,0.50000000,1
1506354480,22217467,44.42,0.12000000,1
1506354452,22217444,44.43,3.70136700,0
1506354423,22217399,44.42,9.00000000,1
1506354407,22217382,44.41,5.10074308,1
1506354407,22217380,44.41,0.60000000,0
1506354382,22217354,44.32,0.74000000,0
1506354380,22217350,44.50,14.38606741,0
1506354380,22217349,44.50,3.50000000,0
1506354380,22217347,44.49,0.12000000,0
1506354379,22217346,44.49,0.13000000,0
1506354379,22217345,44.49,3.72000000,1
1506354379,22217344,44.48,0.86611772,0
1506354379,22217343,44.48,1.00000000,0
1506354379,22217342,44.45,1.86735467,0
1506354378,22217339,44.44,0.57686494,0
1506354378,22217337,44.44,1.29094157,0
1506354378,22217332,44.41,2.00000000,0
1506354377,22217331,44.40,0.13000000,0
1506354377,22217330,44.39,0.12000000,0
1506354377,22217328,44.38,1.14000000,0
1506354376,22217326,44.33,1.99913443,0
1506354376,22217325,44.33,2.05594400,0
1506354376,22217324,44.33,70.00879757,0
1506354376,22217323,44.33,65.73202900,0
1506354376,22217322,44.33,10.20409500,0
1506354376,22217321,44.29,0.12000000,0
1506354375,22217319,44.29,0.13000000,0
1506354375,22217318,44.28,5.70000000,0
1506354375,22217317,44.24,39.99900000,0
1506354374,22217316,44.23,19.28000000,1
1506354373,22217314,44.23,19.28000000,0
1506354361,22217284,44.22,0.13000000,0
1506354361,22217283,44.21,0.90000000,0
1506354361,22217282,44.20,6.78000000,0
1506354361,22217280,44.20,16.40656831,0
1506354360,22217279,44.20,6.75966000,0
1506354360,22217278,44.19,0.12000000,0
1506354359,22217275,44.10,7.54790200,0
1506354359,22217272,44.10,37.59966000,0
1506354357,22217266,44.10,12.40034000,0
1506354357,22217265,44.08,0.12000000,0
1506354346,22217240,44.09,5.65593105,0
1506354343,22217238,44.09,8.00588000,0
1506354303,22217178,43.99,0.12000000,0
1506354296,22217145,43.97,15.10332900,0
1506354292,22217144,43.97,5.00000000,0
1506354291,22217143,43.97,0.11371390,0
1506354282,22217132,43.97,11.08295710,0
1506354277,22217127,43.89,0.12000000,0
1506354230,22217013,43.97,0.11394132,1
1506354225,22217003,43.98,0.11405896,0
1506354213,22216990,43.98,0.11368278,0
1506354201,22216975,43.98,0.11386364,0
1506354193,22216962,44.00,2.04495123,1
1506354193,22216961,44.00,0.17000000,0
1506354165,22216889,43.96,0.11408483,0
1506354139,22216811,44.09,114.54131587,0
1506354139,22216810,44.09,0.12000000,0
1506354139,22216809,44.08,0.34000000,0
1506354138,22216807,44.00,30.00000000,0
1506354138,22216806,44.00,0.50000000,0
1506354138,22216805,44.00,50.00000000,0
1506354138,22216802,43.99,1.72000000,0
1506354138,22216801,43.99,0.12000000,0
1506354137,22216800,43.93,18.94476510,0
1506354137,22216797,43.90,0.74453280,0
1506354137,22216796,43.89,0.12000000,0
1506354137,22216795,43.88,2.70966272,1
1506354135,22216792,43.88,2.70966272,0
1506354103,22216751,43.79,0.12000000,0
1506353971,22216602,43.69,0.12000000,0
1506353970,22216598,43.65,0.98167240,0
1506353968,22216596,43.65,1.00000000,0
1506353955,22216578,43.68,0.98000000,0
1506353936,22216556,43.68,1.00000000,0
1506353858,22216397,43.69,0.12000000,0
1506353802,22216338,43.60,5.83150448,0
1506353799,22216336,43.60,13.34000000,0
1506353799,22216332,43.59,2.66000000,0
1506353796,22216328,43.60,2.00000000,0
1506353793,22216324,43.60,2.00000000,0
1506353789,22216321,43.60,20.72000000,0
1506353789,22216320,43.59,3.16000000,0
1506353789,22216319,43.58,0.12000000,0
1506353781,22216300,43.59,3.76000000,0
1506353765,22216289,43.59,2.00000000,0
1506353750,22216274,43.60,3.00000000,0
1506353749,22216273,43.59,5.84000000,0
1506353744,22216270,43.60,12.56000000,0
1506353744,22216269,43.59,5.32000000,0
1506353744,22216268,43.58,0.12000000,0
1506353735,22216262,43.59,2.00000000,0
1506353731,22216244,43.60,0.68000000,0
1506353731,22216243,43.59,7.32000000,0
1506353643,22215939,43.58,3.95100000,0
1506353633,22215935,43.59,0.12000000,0
1506353493,22215763,43.89,116.04245158,0
1506353493,22215761,43.89,0.12000000,0
1506353492,22215760,43.86,50.00000000,0
1506353492,22215759,43.85,2.55000000,0
1506353492,22215758,43.80,50.00000000,0
1506353491,22215757,43.79,0.12000000,0
1506353491,22215754,43.77,53.56000000,1
1506353491,22215753,43.76,12.75000000,0
1506353490,22215751,43.70,6.02773786,0
1506353490,22215750,43.69,2.93992181,0
1506353490,22215749,43.69,0.12000000,0
1506353488,22215745,43.59,0.12000000,0
1506353366,22215602,43.59,0.12000000,0
1506353255,22215419,43.69,0.12000000,0
1506353139,22215238,43.60,4.47907500,0
1506353136,22215234,43.60,23.68255300,0
1506353136,22215233,43.61,2.94000000,1
1506353014,22215060,43.69,0.12000000,0
1506352976,22214980,43.63,15.00000000,1
1506352974,22214978,43.62,36.00000000,1
1506352955,22214963,43.61,0.90195000,1
1506352945,22214943,43.65,3.87402000,0
1506352915,22214898,43.67,0.75000000,0
1506352908,22214891,43.60,28.27749449,1
1506352908,22214890,43.61,11.50519281,1
1506352908,22214889,43.65,0.21731270,1
1506352904,22214882,43.67,19.28000000,0
1506352799,22214744,43.68,2.09805000,1
1506352774,22214725,43.67,17.00000000,1
1506352729,22214681,43.74,15.48230000,1
1506352728,22214679,43.75,3.02000000,1
1506352728,22214678,43.74,2.76680177,1
1506352727,22214677,43.80,0.13647823,1
1506352724,22214673,43.80,0.12000000,1
1506352678,22214626,43.80,3.86352177,1
1506352678,22214625,43.80,15.13647823,1
1506352673,22214619,43.74,0.01352177,0
1506352672,22214618,43.80,4.13000000,1
1506352672,22214617,43.80,15.13937823,1
1506352638,22214577,43.80,4.02062177,0
1506352638,22214576,43.79,0.12000000,0
1506352569,22214397,43.80,10.00000000,0
1506352568,22214394,43.80,1.80015449,0
1506352555,22214371,43.80,4.17922374,0
1506352543,22214361,43.79,0.12000000,0
1506352534,22214353,43.76,0.50000000,0
1506352531,22214343,43.75,10.00000000,1
1506352505,22214317,43.85,4.88000000,1
1506352505,22214313,43.79,0.12000000,0
1506352493,22214285,43.69,0.50000000,1
1506352467,22214260,43.65,0.00295715,1
1506352466,22214259,43.75,4.22994285,1
1506352449,22214220,43.75,4.00000000,1
1506352446,22214217,43.74,0.50000000,1
1506352442,22214215,43.85,10.00000000,0
1506352424,22214177,43.75,0.57703448,1
1506352419,22214171,43.73,4.58488862,1
1506352419,22214170,43.73,1.18545620,1
1506352403,22214151,43.72,3.00000000,1
1506352374,22214132,43.80,3.00000000,1
1506352368,22214115,43.79,8.18957215,1
1506352368,22214114,43.80,0.13812785,1
1506352359,22214105,43.80,21.68949772,0
1506352358,22214101,43.80,17.80296804,0
1506352356,22214098,43.80,10.50753424,0
1506352356,22214096,43.79,0.12000000,0
1506352355,22214092,43.72,2.04899000,1
1506352338,22214076,43.69,20.00000000,1
1506352327,22214073,43.68,0.50000000,1
1506352316,22214066,43.69,0.12000000,0
1506352312,22214061,43.60,4.84855800,0
1506352306,22214050,43.60,11.00000000,0
1506352301,22214049,43.54,5.40000000,1
1506352296,22214034,43.60,22.70274900,0
1506352286,22214007,43.60,9.56869300,0
1506352285,22214000,43.60,1.88000000,0
1506352285,22213999,43.59,0.12000000,0
1506352262,22213950,43.56,0.59269100,0
1506352262,22213949,43.52,44.75358100,0
1506352259,22213945,43.52,1.39730900,0
1506352253,22213933,43.52,3.84911000,0
1506352249,22213921,43.50,7.11156759,0
1506352242,22213907,43.50,1.87326000,0
1506352236,22213899,43.50,30.88000000,0
1506352235,22213898,43.49,0.12000000,0
1506352179,22213821,43.39,31.79908819,1
1506352175,22213808,43.49,1.31177318,0
1506352170,22213793,43.35,2.40000000,1
1506352166,22213782,43.49,1.14670039,0
1506352148,22213746,43.50,10.13517241,0
1506352146,22213744,43.49,1.69000000,0
1506352146,22213743,43.49,0.12000000,0
1506352146,22213741,43.49,0.43810210,0
1506352140,22213734,43.33,0.00000040,0
1506352138,22213730,43.33,5.55322600,0
1506352127,22213685,43.33,3.68577360,0
1506352124,22213678,43.33,40.76100000,1
1506352116,22213671,43.31,11.30613333,1
1506352108,22213664,43.30,2.24614603,0
1506352108,22213663,43.33,0.22026985,1
1506352034,22213567,43.49,0.50000000,0
1506352032,22213566,43.44,0.40000000,1
1506351987,22213470,43.49,0.12000000,0
1506351943,22213341,43.69,3.71869993,1
1506351942,22213337,43.68,23.19378000,0
1506351942,22213335,43.65,0.70000000,0
1506351942,22213334,43.58,4.88020000,0
1506351942,22213333,43.58,4.88020000,0
1506351941,22213331,43.57,21.00000000,1
1506351941,22213330,43.57,3.51000000,0
1506351941,22213329,43.57,4.88020000,0
1506351941,22213328,43.56,1.85983000,0
1506351939,22213323,43.55,22.90220200,0
1506351934,22213317,43.56,3.02037000,0
1506351932,22213316,43.55,22.95533000,0
1506351917,22213303,43.66,4.88023000,1
1506351915,22213302,43.59,0.12000000,0
1506351913,22213301,43.41,1.31965300,0
1506351815,22213128,43.67,7.11479328,0
1506351800,22213095,43.47,6.00000000,1
1506351781,22213041,43.70,0.50000000,0
1506351760,22212991,43.72,9.00000000,0
1506351730,22212880,43.85,2.32598346,1
1506351728,22212877,43.86,3.51246000,0
1506351706,22212809,43.85,3.68100000,0
1506351608,22212621,44.00,118.61717101,1
1506351608,22212619,44.00,4.30569000,1
1506351587,22212562,44.00,8.59977273,1
1506351585,22212555,44.04,4.50000000,0
1506351579,22212545,44.00,9.43690922,1
1506351571,22212523,44.00,1.30648600,1
1506351554,22212496,44.09,21.07267940,1
1506351554,22212493,44.09,3.41901996,1
1506351552,22212489,44.09,0.12000000,0
1506351552,22212488,44.08,41.00000000,0
1506351526,22212435,44.00,34.21727200,1
1506351525,22212434,44.00,0.75000000,1
1506351521,22212426,44.00,4.00000000,1
1506351512,22212416,44.00,3.00000000,1
1506351446,22212305,44.00,56.64669904,1
1506351437,22212294,44.00,3.00000000,1
1506351429,22212276,44.00,3.00000000,1
1506351418,22212270,44.00,3.00000000,1
1506351409,22212259,43.99,0.12000000,0
1506351337,22212175,43.91,0.00318000,0
1506351336,22212173,44.00,4.55000000,1
1506351307,22212152,44.14,0.21850000,1
1506351307,22212151,44.15,15.00000000,0
1506351288,22212131,44.15,11.29671574,0
1506351276,22212121,44.14,2.41912100,1
1506351273,22212114,44.14,2.41908800,1
1506351265,22212104,44.16,1.86735467,0
1506351259,22212095,44.20,26.83377169,0
1506351259,22212094,44.20,50.00000000,0
1506351259,22212092,44.20,50.00000000,0
1506351258,22212091,44.19,7.00000000,0
1506351258,22212090,44.19,0.12000000,0
1506351258,22212089,44.14,1.88062264,0
1506351258,22212088,44.13,1.40000000,0
1506351257,22212087,44.13,0.13000000,0
1506351257,22212086,44.11,20.90191363,0
1506351257,22212084,44.10,22.63625552,0
1506351256,22212080,44.09,19.09766652,0
1506351254,22212078,44.09,1.00657746,0
1506351246,22212037,44.10,47.36374448,0
1506351245,22212036,44.09,0.13000000,0
1506351245,22212034,44.06,0.13000000,0
1506351243,22212025,44.00,9.02295456,0
1506351230,22212002,44.00,8.99977272,0
1506351230,22212001,43.99,0.12000000,0
1506351229,22212000,43.95,3.57981000,0
1506351212,22211957,43.95,1.42019000,0
1506351209,22211944,43.94,19.86000000,0
1506351209,22211943,43.94,4.88000000,0
1506351208,22211941,43.89,0.12000000,0
1506351179,22211901,43.87,2.33335000,1
1506351175,22211898,43.89,0.12000000,0
1506351138,22211849,43.89,2.22542172,0
1506351129,22211834,44.00,1.97727272,0
1506351129,22211833,44.00,50.00000000,0
1506351128,22211832,44.00,50.00000000,0
1506351128,22211830,44.00,25.00000000,0
1506351128,22211829,44.00,50.00000000,0
1506351128,22211828,44.00,0.63000000,0
1506351128,22211827,44.00,1.00000000,0
1506351128,22211826,44.00,60.00000000,0
1506351128,22211825,44.00,15.00000000,0
1506351128,22211824,44.00,1.00000000,0
1506351127,22211823,44.00,0.12000000,1
1506351127,22211822,43.99,0.13000000,0
1506351127,22211821,43.98,0.13000000,0
1506351126,22211819,43.96,1.14000000,0
1506351126,22211818,43.95,40.00000000,0
1506351126,22211817,43.94,0.13000000,0
1506351125,22211816,43.90,50.00000000,0
1506351125,22211815,43.90,46.48336900,0
1506351125,22211814,43.90,50.00000000,0
1506351125,22211813,43.90,6.52072893,0
1506351124,22211812,43.89,0.12000000,1
1506351124,22211810,43.89,5.68000000,0
1506351123,22211808,43.89,0.12000000,0
1506351122,22211805,43.80,15.59552512,0
1506351121,22211804,43.80,0.12000000,0
1506351121,22211803,43.80,0.12000000,0
1506351121,22211802,43.80,0.12000000,0
1506351121,22211801,43.80,0.12000000,0
1506351121,22211800,43.80,0.12000000,0
1506351121,22211799,43.80,0.12000000,0
1506351120,22211798,43.80,0.12000000,0
1506351120,22211797,43.80,0.12000000,0
1506351119,22211795,43.80,0.12000000,0
1506351119,22211794,43.80,0.12000000,0
1506351118,22211793,43.80,0.12000000,0
1506351118,22211792,43.80,0.12000000,0
1506351118,22211791,43.80,0.12000000,0
1506351118,22211790,43.80,0.12000000,0
1506351118,22211789,43.80,0.12000000,0
1506351117,22211788,43.79,0.12000000,0
1506351112,22211783,43.80,0.12000000,0
1506351111,22211782,43.80,0.12000000,0
1506351111,22211781,43.80,0.12000000,0
1506351111,22211779,43.80,0.12000000,0
1506351111,22211778,43.80,0.12000000,0
1506351110,22211777,43.80,0.12000000,0
1506351110,22211776,43.80,0.12000000,0
1506351110,22211775,43.80,0.12000000,0
1506351110,22211774,43.80,0.12000000,0
1506351110,22211773,43.80,0.12000000,0
1506351109,22211772,43.80,0.12000000,0
1506351109,22211769,43.79,0.12000000,0
1506351101,22211742,43.79,0.12000000,1
1506351098,22211728,43.80,28.86552511,0
1506351098,22211725,43.80,2.41894977,0
1506351096,22211718,43.79,0.12000000,0
1506351087,22211690,43.80,3.75957000,0
1506351087,22211689,43.80,11.20399200,0
1506351087,22211687,43.79,0.12000000,0
1506351081,22211672,43.80,18.76643800,0
1506351081,22211670,43.80,10.27000000,0
1506351081,22211669,43.79,7.61000000,0
1506351080,22211667,43.79,0.12000000,0
1506351054,22211604,43.80,6.00000000,0
1506351051,22211598,43.79,19.82298500,0
1506351046,22211591,43.79,8.73000000,0
1506351045,22211590,43.79,0.12000000,0
1506351045,22211589,43.78,4.03000000,0
1506351045,22211588,43.69,0.12000000,0
1506351042,22211583,43.78,5.00000000,0
1506351035,22211572,43.78,6.88000000,0
1506351035,22211571,43.69,0.12000000,0
1506351006,22211516,43.65,6.95100000,1
1506350980,22211452,43.69,0.12000000,0
1506350980,22211451,43.66,4.65586200,0
1506350969,22211419,43.59,0.12000000,0
1506350957,22211382,43.49,0.12000000,1
1506350954,22211370,43.66,7.34413262,0
1506350954,22211369,43.59,0.12000000,0
1506350954,22211368,43.58,4.53586738,0
1506350943,22211327,43.58,16.00000000,0
1506350931,22211278,43.49,1.97100000,0
1506350921,22211257,43.50,1.00000000,1
1506350916,22211248,43.53,1.00000000,0
1506350916,22211247,43.53,2.40445000,0
1506350911,22211242,43.55,2.00000000,0
1506350911,22211240,43.50,1.20556250,0
1506350911,22211238,43.49,9.95000000,0
1506350901,22211221,43.50,8.79443750,0
1506350901,22211220,43.50,0.20556250,0
1506350895,22211197,43.50,0.79443750,0
1506350895,22211196,43.50,1.05562500,0
1506350874,22211133,43.50,21.00000000,0
1506350862,22211113,43.40,29.12000000,0
1506350861,22211111,43.49,0.88000000,1
1506350861,22211110,43.49,0.12000000,0
1506350856,22211107,43.45,5.00000000,0
1506350820,22211048,43.49,1.80000000,0
1506350812,22211031,43.50,27.94437500,0
1506350812,22211030,43.50,42.95296900,0
1506350812,22211027,43.50,7.04703100,0
1506350811,22211026,43.49,0.12000000,0
1506350792,22210989,43.45,1.00000000,0
1506350771,22210956,43.37,1.00000000,1
1506350749,22210904,43.35,10.00000000,0
1506350739,22210876,43.28,9.95000000,0
1506350734,22210862,43.17,7.39944423,0
1506350734,22210861,43.17,42.58000000,0
1506350732,22210856,43.50,8.05537918,1
1506350727,22210836,43.50,1.00000000,1
1506350713,22210777,43.54,12.14584290,0
1506350708,22210769,43.50,3.00000000,1
1506350688,22210699,43.50,1.21078944,1
1506350688,22210698,43.51,1.78921056,1
1506350682,22210681,43.53,8.25000000,1
1506350661,22210618,43.55,1.00000000,1
1506350642,22210593,43.62,3.00000000,1
1506350636,22210580,43.65,4.40000000,0
1506350626,22210558,43.60,3.00000000,1
1506350609,22210518,43.58,6.19848548,1
1506350601,22210483,43.89,7.99376623,1
1506350600,22210480,43.78,0.12000000,0
1506350566,22210367,43.79,1.88062264,0
1506350561,22210359,43.90,43.47927107,0
1506350561,22210358,43.89,1.89115207,0
1506350561,22210357,43.89,1.89126561,0
1506350561,22210356,43.89,0.13000000,0
1506350561,22210354,43.88,2.83000000,0
1506350560,22210353,43.85,0.13000000,0
1506350560,22210352,43.80,29.98614690,0
1506350558,22210347,43.79,14.15000000,0
1506350558,22210346,43.79,10.92000000,0
1506350558,22210345,43.79,8.35777200,0
1506350538,22210294,43.51,1.42128944,1
1506350538,22210293,43.51,35.40050000,1
1506350538,22210292,43.51,29.19000822,1
1506350538,22210291,43.63,24.65098416,0
1506350538,22210290,43.63,12.86721818,0
1506350536,22210289,43.68,46.88000000,1
1506350509,22210212,43.67,6.89240527,1
1506350505,22210186,43.79,10.92222800,0
1506350474,22210093,43.79,4.37400000,0
1506350472,22210070,43.80,14.74262023,0
1506350472,22210069,43.79,35.13737977,0
1506350471,22210067,43.78,0.12000000,0
1506350445,22210013,43.79,2.30348699,0
1506350443,22210000,43.79,6.94300756,0
1506350442,22209992,43.79,3.08890753,0
1506350437,22209977,43.79,5.22500013,0
1506350431,22209960,43.70,1.38473000,1
1506350422,22209929,43.67,19.28000000,0
1506350418,22209924,43.80,5.27123287,0
1506350418,22209923,43.79,0.13000000,0
1506350417,22209920,43.75,0.13000000,0
1506350417,22209919,43.69,0.13000000,0
1506350416,22209917,43.68,10.00000000,0
1506350416,22209916,43.68,4.03799868,0
1506350416,22209915,43.67,12.26000000,0
1506350410,22209885,43.68,1.01167582,0
1506350408,22209882,43.66,0.13000000,0
1506350405,22209874,43.64,0.12000000,1
1506350396,22209840,43.65,22.73510500,0
1506350388,22209818,43.65,14.00000000,0
1506350380,22209795,43.65,1.89115207,0
1506350377,22209786,43.65,1.89126561,0
1506350375,22209775,43.62,0.00000008,0
1506350374,22209774,43.62,0.53291136,0
1506350374,22209772,43.62,1.36776364,0
1506350371,22209769,43.59,0.13000000,0
1506350371,22209768,43.58,0.13000000,0
1506350371,22209766,43.56,1.90565775,0
1506350371,22209765,43.55,0.13000000,0
1506350370,22209763,43.51,3.00000000,1
1506350370,22209762,43.50,1.19613100,0
1506350370,22209761,43.50,1.00000000,0
1506350370,22209760,43.50,1.01436078,0
1506350368,22209756,43.50,32.19000000,0
1506350365,22209746,43.47,0.95647509,1
1506350365,22209744,43.48,2.04352491,1
1506350364,22209734,43.50,11.21335410,0
1506350361,22209723,43.49,3.00000000,1
1506350356,22209709,43.47,0.95461738,1
1506350355,22209708,43.48,2.04538262,1
1506350352,22209694,43.43,1.40411574,1
1506350352,22209692,43.45,1.59588426,1
1506350351,22209689,43.50,5.58228512,0
1506350351,22209687,43.50,3.50000000,0
1506350351,22209684,43.49,0.15000000,0
1506350351,22209683,43.49,0.13000000,0
1506350350,22209681,43.48,1.95000000,0
1506350350,22209680,43.47,0.09076188,0
1506350348,22209674,43.47,1.05911638,0
1506350344,22209657,43.47,18.85012174,0
1506350344,22209656,43.47,10.10911826,0
1506350343,22209652,43.46,3.83586744,0
1506350338,22209639,43.47,9.89088174,0
1506350338,22209638,43.46,0.10911826,0
1506350331,22209616,43.46,2.20088174,0
1506350331,22209615,43.46,0.13000000,0
1506350330,22209606,43.42,11.76332946,1
1506350330,22209604,43.43,1.59661918,1
1506350329,22209602,43.43,22.72123400,1
1506350329,22209597,43.43,0.31000000,0
1506350328,22209594,43.43,29.69000000,0
1506350324,22209582,43.42,4.69498027,0
1506350321,22209563,43.42,13.23533493,0
1506350319,22209545,43.42,11.76332946,0
1506350312,22209522,43.42,10.12000000,0
1506350312,22209521,43.39,0.12000000,0
1506350301,22209463,43.42,9.88000000,0
1506350301,22209462,43.39,0.12000000,0
1506350286,22209335,43.41,0.70000000,0
1506350286,22209332,43.39,0.13000000,0
1506350286,22209330,43.37,0.13000000,0
1506350286,22209326,43.35,3.52000000,0
1506350286,22209322,43.34,11.95093463,0
1506350283,22209277,43.34,18.04906537,0
1506350283,22209274,43.33,4.78272463,0
1506350283,22209272,43.29,0.12000000,0
1506350279,22209227,43.33,9.94381000,0
1506350279,22209224,43.29,0.12000000,0
1506350272,22209165,43.33,5.27346537,0
1506350272,22209163,43.33,0.01015463,0
1506350272,22209161,43.29,0.12000000,0
1506350266,22209105,43.33,4.98984537,0
1506350263,22209072,43.33,5.00000000,0
1506350260,22209049,43.31,11.92364246,0
1506350260,22209048,43.31,4.50000000,0
1506350260,22209046,43.30,0.90000000,0
1506350260,22209043,43.29,0.12000000,0
1506350260,22209040,43.19,0.12000000,0
1506350259,22209037,43.14,0.00000049,0
1506350243,22208832,43.14,12.82225500,0
1506350238,22208794,43.14,1.19594451,0
1506350238,22208793,43.14,14.01820000,0
1506350238,22208792,43.13,0.78585549,0
1506350233,22208757,43.09,0.12000000,0
1506350227,22208718,43.01,15.61458082,1
1506350227,22208716,43.01,27.04000000,1
1506350226,22208700,43.13,3.00000000,0
1506350219,22208656,43.13,8.32668676,0
1506350204,22208535,43.13,1.90565775,0
1506350201,22208521,43.30,0.71380180,1
1506350201,22208517,43.30,13.30444300,0
1506350201,22208514,43.12,15.00000000,0
1506350199,22208500,42.98,1.93619000,1
1506350198,22208485,43.30,56.69555700,0
1506350198,22208483,43.29,4.56000000,0
1506350197,22208482,43.29,20.00000000,0
1506350197,22208480,43.29,0.13000000,0
1506350197,22208478,43.29,0.13000000,0
1506350197,22208477,43.28,0.91000000,0
1506350197,22208475,43.23,0.13000000,0
1506350197,22208473,43.22,0.13000000,0
1506350197,22208470,43.19,0.13000000,0
1506350196,22208468,43.17,0.13000000,0
1506350196,22208465,43.13,1.79444300,0
1506350196,22208462,43.13,0.13000000,0
1506350196,22208459,43.11,15.00000000,0
1506350196,22208458,43.09,0.13000000,0
1506350192,22208433,42.98,6.11913497,0
1506350191,22208415,43.09,0.13000000,0
1506350190,22208414,43.06,0.13000000,0
1506350190,22208410,43.05,6.67000000,0
1506350187,22208391,43.00,5.16240309,0
1506350185,22208378,43.00,8.94824600,0
1506350183,22208366,43.00,5.88935091,0
1506350183,22208365,43.00,0.46064909,0
1506350183,22208363,43.00,10.00000000,0
1506350183,22208362,43.00,0.52000000,0
1506350183,22208359,43.00,1.00000000,0
1506350183,22208355,42.99,0.13000000,0
1506350176,22208321,42.97,0.13000000,0
1506350172,22208305,42.90,0.52000000,0
1506350172,22208304,42.89,0.13000000,0
1506350131,22208119,42.87,1.79444300,1
1506350110,22208067,42.87,0.13000000,0
1506350105,22208057,42.82,0.13000000,0
1506350103,22208047,42.80,0.52000000,0
1506350095,22208037,42.79,0.12000000,0
1506349989,22207868,42.79,0.13000000,0
1506349952,22207790,42.78,10.59965404,1
1506349951,22207788,42.78,1.06000000,0
1506349949,22207784,42.78,1.06000000,1
1506349948,22207783,42.78,0.55000000,0
1506349948,22207782,42.77,0.13000000,0
1506349948,22207781,42.69,0.13000000,0
1506349948,22207780,42.67,0.13000000,0
1506349946,22207772,42.60,1.00000000,0
1506349938,22207745,42.60,19.00000000,0
1506349916,22207686,42.59,0.13000000,0
1506349904,22207659,42.58,0.00002099,0
1506349904,22207658,42.58,1.81930000,0
1506349904,22207657,42.58,0.13000000,0
1506349888,22207629,42.55,0.13000000,0
1506349873,22207595,42.50,6.80104178,0
1506349873,22207593,42.49,0.12000000,0
1506349867,22207584,42.50,0.83269122,0
1506349867,22207581,42.49,0.12000000,0
1506349864,22207569,42.43,1.15154510,1
1506349844,22207491,42.43,9.00000000,1
1506349840,22207482,42.50,6.35239000,0
1506349840,22207479,42.49,0.12000000,0
1506349839,22207476,42.41,4.87237870,1
1506349839,22207475,42.41,4.12762130,1
1506349834,22207456,42.40,8.85000000,1
1506349834,22207454,42.40,0.15000000,1
1506349829,22207440,42.39,9.00000000,1
1506349823,22207425,42.48,0.49489196,1
1506349821,22207418,42.48,4.45402756,1
1506349819,22207411,42.50,5.35387700,0
1506349818,22207408,42.49,0.12000000,0
1506349814,22207395,42.48,0.56555277,1
1506349812,22207385,42.50,17.00000000,0
1506349808,22207379,42.48,5.65552771,1
1506349808,22207378,42.50,13.66000000,0
1506349808,22207377,42.50,1.00000000,0
1506349808,22207375,42.50,3.50000000,0
1506349808,22207373,42.50,0.52000000,0
1506349807,22207372,42.49,4.32000000,0
1506349806,22207361,42.47,0.13000000,0
1506349797,22207312,42.48,11.74199623,0
1506349787,22207287,42.49,22.74000000,0
1506349787,22207285,42.49,0.13000000,0
1506349787,22207283,42.48,15.00000000,0
1506349787,22207281,42.29,0.13000000,0
1506349782,22207243,42.46,0.13000000,0
1506349782,22207242,42.45,0.99000000,0
1506349782,22207241,42.42,6.85637395,0
1506349779,22207231,42.42,13.14362605,0
1506349779,22207230,42.42,20.00000000,0
1506349779,22207229,42.38,22.72480000,0
1506349779,22207228,42.38,22.72480000,0
1506349779,22207226,42.37,4.95000000,0
1506349778,22207225,42.36,29.09841195,0
1506349776,22207207,42.36,6.85637400,0
1506349769,22207169,42.36,13.99999981,0
1506349760,22207140,42.41,7.72477915,0
1506349760,22207137,42.39,15.00000000,1
1506349757,22207122,42.39,0.73134699,0
1506349756,22207119,42.39,0.13000000,0
1506349756,22207118,42.31,1.81930000,0
1506349756,22207116,42.31,1.81930000,0
1506349756,22207112,42.31,1.81930000,0
1506349756,22207109,42.31,1.81930000,0
1506349755,22207104,42.31,1.81930000,0
1506349755,22207101,42.31,1.81930000,0
1506349754,22207099,42.31,1.81930000,0
1506349754,22207096,42.31,1.81930000,0
1506349754,22207094,42.31,1.69927901,0
1506349754,22207092,42.29,8.01430000,0
1506349753,22207090,42.29,8.01430000,0
1506349753,22207088,42.29,8.01430000,0
1506349753,22207087,42.29,8.01430000,0
1506349753,22207083,42.29,8.01430000,0
1506349752,22207080,42.29,8.01430000,0
1506349752,22207079,42.29,8.01430000,0
1506349752,22207077,42.29,8.01430000,0
1506349752,22207076,42.29,4.21872492,0
1506349748,22207069,42.29,3.79557508,0
1506349748,22207068,42.29,7.99917545,0
1506349748,22207066,42.29,0.01509156,0
1506349748,22207065,42.28,15.00000000,0
1506349745,22207057,42.30,0.00003299,1
1506349745,22207056,42.30,8.01430000,1
1506349743,22207047,42.30,7.00000000,0
1506349740,22207030,42.30,8.00000000,0
1506349726,22206955,42.31,0.12000000,1
1506349726,22206954,42.35,0.00002099,1
1506349725,22206947,42.35,1.81930000,1
1506349721,22206925,42.35,0.13000000,0
1506349720,22206920,42.29,0.13000000,0
1506349709,22206817,42.23,4.49100000,1
1506349708,22206812,42.26,0.13000000,0
1506349708,22206811,42.25,0.50000000,0
1506349703,22206779,42.23,0.13000000,1
1506349700,22206759,42.19,0.13000000,0
1506349686,22206658,42.22,0.13000000,1
1506349686,22206655,42.22,9.77864485,0
1506349684,22206639,42.22,5.06000000,0
1506349684,22206638,42.19,0.13000000,0
1506349684,22206635,42.18,0.74000000,0
1506349684,22206633,42.18,0.74000000,0
1506349684,22206632,42.18,0.74000000,0
1506349684,22206630,42.18,0.33000000,0
1506349682,22206612,42.18,0.41000000,0
1506349681,22206609,42.18,0.74000000,0
1506349681,22206607,42.18,0.74000000,0
1506349681,22206605,42.18,0.74000000,0
1506349681,22206604,42.18,0.74000000,0
1506349681,22206603,42.09,0.13000000,0
1506349664,22206499,42.19,0.13000000,0
1506349664,22206497,42.18,0.13000000,0
1506349663,22206492,42.09,0.13000000,0
1506349642,22206348,42.04,26.16900000,0
1506349634,22206279,42.09,0.13000000,0
1506349629,22206243,42.15,1.46846000,0
1506349620,22206118,42.01,9.00000000,1
1506349614,22206072,42.05,9.00000000,1
1506349608,22206019,42.02,0.74807276,1
1506349607,22205981,42.17,0.35643960,0
1506349603,22205948,42.17,3.46000000,0
1506349603,22205946,42.16,4.79000000,0
1506349602,22205942,42.01,5.10543882,1
1506349597,22205881,42.15,9.00000000,1
1506349592,22205829,42.17,1.15247200,0
1506349592,22205827,42.16,5.69000000,0
1506349590,22205799,42.13,0.00000350,1
1506349589,22205786,42.13,0.13000000,0
1506349589,22205783,42.09,0.13000000,0
1506349589,22205780,42.06,0.39130650,0
1506349589,22205777,42.05,0.13000000,0
1506349587,22205741,42.04,11.86489058,0
1506349586,22205730,42.00,0.58000000,0
1506349583,22205689,42.00,1.72966553,0
1506349583,22205684,42.00,10.00000000,0
1506349583,22205680,42.00,0.52000000,0
1506349583,22205677,42.00,0.52000000,0
1506349581,22205659,41.99,0.13000000,0
1506349580,22205631,41.95,0.13000000,0
1506349577,22205598,41.94,5.70542048,1
1506349575,22205570,41.91,0.58000000,0
1506349568,22205483,41.88,0.65480000,0
1506349568,22205481,41.88,0.67260000,0
1506349568,22205477,41.88,0.67260000,0
1506349567,22205456,41.85,0.00002715,0
1506349566,22205444,41.85,5.51480000,0
1506349558,22205345,41.84,1.53655001,0
1506349529,22205122,41.87,2.89000000,0
1506349522,22205078,41.91,0.32743166,0
1506349521,22205069,41.91,3.00000000,0
1506349521,22205068,41.90,15.00000000,0
1506349516,22205024,41.90,11.60000000,0
1506349510,22204955,41.76,3.29000000,0
1506349510,22204952,41.74,0.71000000,0
1506349508,22204937,41.92,4.09246858,1
1506349508,22204932,41.89,0.13000000,0
1506349508,22204929,41.88,0.13000000,0
1506349508,22204928,41.84,0.13000000,0
1506349508,22204925,41.79,0.13000000,0
1506349508,22204923,41.79,5.00000000,0
1506349507,22204920,41.77,1.98753142,0
1506349505,22204893,41.76,0.88000000,0
1506349505,22204889,41.76,0.13000000,0
1506349504,22204886,41.70,0.13000000,0
1506349504,22204884,41.69,0.13000000,0
1506349504,22204881,41.65,0.13000000,0
1506349503,22204875,41.62,0.90000000,0
1506349500,22204851,41.62,1.00000000,0
1506349498,22204839,41.60,1.59524048,0
1506349498,22204838,41.60,5.04332300,0
1506349495,22204815,41.60,11.60000000,0
1506349491,22204789,41.60,2.59000000,0
1506349484,22204724,41.60,11.00000000,0
1506349482,22204712,41.60,17.00000000,0
1506349475,22204649,41.60,17.60000000,0
1506349475,22204647,41.60,0.40000000,0
1506349469,22204588,41.59,13.87000000,0
1506349469,22204586,41.59,0.13000000,0
1506349463,22204560,41.54,0.13000000,0
1506349463,22204559,41.51,1.97960671,0
1506349166,22203932,41.46,1.29095600,1
1506349160,22203921,41.50,6.00940845,1
1506348933,22203759,41.56,35.82478595,0
1506348932,22203757,41.54,0.13000000,0
1506348584,22203455,41.58,1.00000000,0
1506348486,22203383,41.57,0.24055800,0
1506348452,22203339,41.41,12.00072447,0
1506348448,22203326,41.41,12.00048298,1
1506348444,22203315,41.41,12.00024149,0
1506348441,22203308,41.41,12.00000000,1
1506348413,22203272,41.41,0.54919100,0
1506348366,22203200,41.57,11.38176569,0
1506348366,22203196,41.53,9.65000000,0
1506348364,22203193,41.52,15.00000000,0
1506348323,22203154,41.39,4.13977290,1
1506348323,22203153,41.39,0.00035757,1
1506348283,22203128,41.49,0.87964088,0
1506348283,22203127,41.49,0.13000000,0
1506347747,22202860,41.39,4.31964243,1
1506347556,22202769,41.48,1.00023000,0
1506347532,22202748,41.47,2.34420341,0
1506347477,22202708,41.55,0.10993020,0
1506347476,22202706,41.48,0.13000000,0
1506347471,22202703,41.39,0.13000000,0
1506347380,22202660,41.29,9.64953693,0
1506347378,22202659,41.36,0.95522259,1
1506347378,22202658,41.36,1.59524048,1
1506347260,22202582,41.39,89.86075199,1
1506347118,22202518,41.49,2.27419378,0
1506347118,22202517,41.49,0.13000000,0
1506347097,22202493,41.39,0.13000000,0
1506347097,22202492,41.39,0.00924801,0
1506346971,22202458,41.36,0.40000000,1
1506346910,22202410,41.39,0.12075199,0
1506346724,22202335,41.49,9.51075201,0
1506346724,22202334,41.49,0.13000000,0
1506346612,22202257,41.47,1.88669648,0
1506346610,22202256,41.39,0.13000000,0
1506346555,22202236,41.42,5.87000000,0
1506346555,22202235,41.39,0.13000000,0
1506345957,22201954,41.61,12.84000000,1
1506345957,22201953,41.59,0.13000000,0
1506345957,22201952,41.59,0.13000000,0
1506345877,22201920,41.61,3.18612360,1
1506345877,22201919,41.60,0.51919944,0
1506345876,22201917,41.59,0.13000000,0
1506345434,22201664,41.60,29.48080056,0
1506345434,22201663,41.60,3.08584000,0
1506345434,22201662,41.60,6.40080000,1
1506345434,22201661,41.59,0.13000000,0
1506345432,22201659,41.58,30.96000000,0
1506345304,22201580,41.58,22.56668110,1
1506345303,22201578,41.58,1.43043290,0
1506345281,22201567,41.58,0.46956710,0
1506345281,22201566,41.58,0.13000000,0
1506344855,22201278,41.53,2.19999963,0
1506344855,22201277,41.50,0.00000037,0
1506344842,22201270,41.50,1.99999963,0
1506344842,22201269,41.50,4.45315315,0
1506344842,22201268,41.50,12.87855422,0
1506344801,22201254,41.49,2.00000000,0
1506344801,22201253,41.49,0.13000000,0
1506344751,22201229,41.44,15.00000000,1
1506344740,22201220,41.44,16.00000000,1
1506344717,22201205,41.38,27.00000000,1
1506344708,22201198,41.48,2.42092317,0
1506344648,22201140,41.40,20.00000000,1
1506344642,22201135,41.40,9.62736000,1
1506344638,22201133,41.40,20.00000000,1
1506344631,22201129,41.40,9.62736000,1
1506344620,22201126,41.40,9.62736000,1
1506344620,22201123,41.40,20.00000000,1
1506344594,22201087,41.46,9.62736000,1
1506344537,22201051,41.34,2.00000000,0
1506344475,22201021,41.35,20.00000000,1
1506344461,22201010,41.39,0.13000000,0
1506344381,22200889,41.32,20.00000000,1
1506344260,22200841,41.32,20.00000000,1
1506344238,22200814,41.30,5.00000000,1
1506344157,22200794,41.30,5.00000000,1
1506344102,22200774,41.48,2.21976515,0
1506344100,22200773,41.45,9.81406373,0
1506343991,22200737,41.45,15.00023000,0
1506343986,22200710,41.30,4.06444022,1
1506343925,22200687,41.33,1.00000000,1
1506343794,22200641,41.32,2.00000000,1
1506343596,22200585,41.49,10.00023000,0
1506343391,22200516,41.50,7.12144578,0
1506343391,22200515,41.50,10.00000000,0
1506343391,22200514,41.50,8.00000000,0
1506343391,22200513,41.50,0.52000000,0
1506343391,22200512,41.50,1.00000000,0
1506343390,22200511,41.49,0.13000000,0
1506343390,22200510,41.49,0.50000000,0
1506343390,22200509,41.49,0.13000000,0
1506343335,22200477,41.36,59.04850000,1
1506342806,22200150,41.15,0.00000018,0
1506342793,22200141,41.15,43.25911100,0
1506342497,22200010,41.15,7.58174900,0
1506342461,22200004,41.17,0.25585620,1
1506342423,22200000,41.40,8.13730973,0
1506342423,22199999,41.40,0.13000000,0
1506342422,22199998,41.39,0.13000000,0
1506342421,22199997,41.32,1.34269027,0
1506342421,22199994,41.29,0.13000000,0
1506342420,22199993,41.27,0.13000000,0
1506342275,22199940,41.26,24.17595734,0
1506341285,22199528,41.19,0.13000000,0
1506341187,22199472,41.19,0.66561487,1
1506341169,22199434,41.19,6.65614872,1
1506341164,22199431,41.19,9.00000000,1
1506341153,22199427,41.22,9.00000000,0
1506341146,22199413,41.22,9.00000000,1
1506341141,22199411,41.23,0.84600000,1
1506341134,22199405,41.22,8.49600000,1
1506341129,22199404,41.21,9.00000000,1
1506341123,22199402,41.19,9.00000000,1
1506341117,22199399,41.19,9.00000000,1
1506341048,22199374,41.19,9.00000000,0
1506340538,22199135,41.08,0.81521950,1
1506340495,22199126,41.08,1.48520129,0
1506340466,22199119,41.09,4.52586233,0
1506340285,22198995,41.28,2.57546254,1
1506340274,22198981,41.30,1.47987108,1
1506340271,22198975,41.30,0.06423735,1
1506340271,22198974,41.32,1.47987108,1
1506340193,22198916,41.33,14.99999500,0
1506340187,22198909,41.31,0.52012892,0
1506340177,22198906,41.30,1.48000000,1
1506340172,22198903,41.30,0.13281000,1
1506340168,22198884,41.30,1.99588354,1
1506340168,22198883,41.30,11.98113803,1
1506340155,22198876,41.30,2.86606000,1
1506339952,22198749,41.28,0.42453746,0
1506339899,22198725,41.28,1.47913760,1
1506339819,22198669,41.37,7.10418177,1
1506339817,22198666,41.36,0.13000000,0
1506339215,22198483,41.28,0.12355000,0
1506339159,22198423,41.30,20.27613800,1
1506339159,22198422,41.30,1.62120400,1
1506339159,22198420,41.30,22.97919000,1
1506339159,22198419,41.30,19.95679100,1
1506338768,22198166,41.37,19.92000000,0
1506338768,22198165,41.36,10.08000000,0
1506338756,22198161,41.37,25.00000000,1
1506338756,22198160,41.37,0.41000000,1
1506338658,22198137,41.37,0.23000000,1
1506338649,22198129,41.37,0.36000000,1
1506338638,22198125,41.38,6.02634123,0
1506338280,22197861,41.31,0.13000000,0
1506338091,22197773,41.29,0.13000000,0
1506337858,22197690,41.21,0.00845706,0
1506337855,22197689,41.20,20.00000000,0
1506337848,22197684,41.19,0.13000000,0
1506337848,22197683,41.19,0.13000000,0
1506337797,22197663,41.14,2.08236583,1
1506337639,22197619,41.12,9.11353000,1
1506337559,22197595,41.08,0.50000000,1
1506337004,22197270,41.11,9.77901300,1
1506336956,22197233,41.15,23.31596200,0
1506336955,22197231,41.15,3.50104500,0
1506336955,22197230,41.14,24.49895500,0
1506336952,22197229,41.15,1.51539300,0
1506336952,22197228,41.13,13.56060000,0
1506336952,22197227,41.12,26.92400700,0
1506336948,22197219,41.17,0.52559397,1
1506336947,22197218,41.17,27.80676900,1
1506336946,22197215,41.17,0.13000000,0
1506336946,22197213,41.16,0.13000000,0
1506336946,22197211,41.15,0.13000000,0
1506336945,22197210,41.14,2.01763703,0
1506336945,22197208,41.14,0.13000000,0
1506336945,22197206,41.13,0.13000000,0
1506336942,22197191,41.05,4.65526000,1
1506336939,22197189,41.12,0.13000000,0
1506336939,22197188,41.11,0.00837509,0
1506336939,22197187,41.08,4.50000000,0
1506336925,22197163,41.04,25.00000000,0
1506336847,22197108,41.04,5.00000000,0
1506336825,22197082,41.00,5.00000000,0
1506336824,22197078,40.99,30.61000000,0
1506336625,22197018,40.99,12.34349300,0
1506336614,22197011,40.99,4.68211200,0
1506336606,22197003,40.99,4.98999200,0
1506336583,22196980,40.96,14.62000000,1
1506336488,22196928,41.04,2.43055556,0
1506336460,22196922,41.04,17.03825536,0
1506336326,22196685,40.89,17.54636800,1
1506336234,22196578,40.99,53.83922909,0
1506336227,22196567,40.99,53.83898512,1
1506335016,22196062,40.82,38.00000000,0
1506335016,22196061,40.82,2.00000000,1
1506334834,22195968,40.98,60.65748000,1
1506334833,22195965,40.98,37.67552500,1
1506334832,22195964,40.96,4.59000000,0
1506334832,22195963,40.93,60.99200000,0
1506334832,22195962,40.93,37.67499500,0
1506334832,22195961,40.92,48.41000000,0
1506334711,22195928,40.83,0.40014866,0
1506334349,22195791,40.83,3.57825000,0
1506334300,22195772,40.84,6.99608400,0
1506334296,22195769,40.86,8.51585900,0
1506334159,22195709,40.81,4.66601323,0
1506334106,22195700,40.85,0.12215422,0
1506333850,22195601,40.74,3.27947578,0
1506333848,22195599,40.79,0.12282422,1
1506333771,22195539,40.83,5.62933300,1
1506333554,22195394,40.95,2.34534377,0
1506332815,22195133,41.05,0.80170523,0
1506332763,22195077,40.90,0.03770000,1
1506332762,22195076,40.91,53.88000000,1
1506332354,22194754,41.07,30.64169518,1
1506332353,22194753,40.98,5.36000000,0
1506332353,22194752,40.98,17.45000000,0
1506332352,22194751,40.96,64.98778240,0
1506332139,22194683,40.92,1.48680352,0
1506331617,22194453,41.00,6.08219512,0
1506331538,22194400,41.00,0.65536585,1
1506331538,22194399,41.00,6.64000000,0
1506331537,22194398,40.89,0.00341122,0
1506331536,22194397,40.94,4.87804878,1
1506331363,22194151,41.09,30.20451745,0
1506331362,22194150,41.08,1.64000000,0
1506331362,22194149,41.00,10.00000000,0
1506331361,22194148,40.99,0.13000000,0
1506331361,22194146,40.97,8.20000000,0
1506331361,22194145,40.96,0.13000000,0
1506331359,22194143,40.94,129.85883913,0
1506331315,22194082,40.94,12.05398143,0
1506331314,22194081,40.88,0.13000000,0
1506331056,22193968,40.94,0.99877870,0
1506330719,22193789,40.90,29.22139787,1
1506330717,22193785,40.91,53.40905100,0
1506330696,22193769,40.90,105.99975551,1
1506330684,22193766,40.90,50.00000000,1
1506330684,22193765,40.90,50.00000000,1
1506330584,22193738,40.90,0.65610900,1
1506330584,22193737,40.90,5.21574900,1
1506330583,22193736,40.90,6.07479900,1
1506330582,22193730,40.90,0.42993900,1
1506330563,22193722,40.90,50.00000000,1
1506330563,22193721,40.90,50.00000000,1
1506330507,22193693,40.90,17.54900000,1
1506330454,22193672,40.90,35.00700000,1
1506330452,22193669,40.90,5.38300000,1
1506330424,22193652,40.91,4.30465000,1
1506330378,22193639,40.90,10.06510000,1
1506330078,22193440,40.92,3.65542522,0
1506330032,22193428,40.90,2.99975550,0
1506329626,22193114,40.77,19.35699952,0
1506329621,22193110,40.76,50.37567200,0
1506329572,22193049,40.77,2.25872200,0
1506329572,22193048,40.76,32.26594200,0
1506329569,22193047,40.76,8.46900000,0
1506329563,22193038,40.76,9.97100000,0
1506329559,22193036,40.76,0.91700000,0
1506329414,22192953,40.72,9.00000000,1
1506329349,22192905,40.74,9.00000000,0
1506329271,22192852,40.75,5.00000000,0
1506329263,22192846,40.74,9.00000000,0
1506329233,22192828,40.74,3.03000000,0
1506329233,22192827,40.73,5.97000000,0
1506328816,22192414,40.77,9.44395389,0
1506328652,22192313,40.63,0.00376000,0
1506328640,22192298,40.72,5.37090000,1
1506328500,22192124,40.73,3.23579800,1
1506328387,22192080,40.72,0.00210000,1
1506328387,22192079,40.73,3.00000000,1
1506328178,22191915,40.71,9.00000000,1
1506328176,22191914,40.72,0.22984892,0
1506328174,22191912,40.71,1.71611200,0
1506328168,22191910,40.71,9.00000000,0
1506328147,22191897,40.71,9.00000000,0
1506328134,22191893,40.70,0.16928715,0
1506328122,22191889,40.72,2.06854220,0
1506328122,22191888,40.72,0.00009799,0
1506328092,22191846,40.70,1.39778368,0
1506328091,22191845,40.70,0.00000001,0
1506328030,22191758,40.70,10.00000000,1
1506328029,22191756,40.72,2.30000000,1
1506327747,22191577,40.86,6.10376897,0
1506327621,22191524,40.84,0.24412341,1
1506326235,22190707,40.83,0.00300633,1
1506326230,22190704,40.79,4.30164367,0
1506326226,22190703,40.79,2.52800000,0
1506326181,22190683,40.79,0.12233391,0
1506326129,22190655,40.78,10.05810000,0
1506326056,22190516,40.80,0.00000404,1
1506326056,22190514,40.80,2.21870000,1
1506325992,22190451,40.91,4.62128713,1
1506325991,22190449,40.87,1.55075667,0
1506325979,22190443,40.89,0.16312057,0
1506324812,22189892,40.73,8.66700000,0
1506323349,22188562,40.81,0.20000000,0
1506323110,22188480,40.86,0.00018634,1
1506323025,22188434,40.87,16.52923906,1
1506323005,22188421,40.86,3.23372492,1
1506322999,22188417,40.86,15.40999500,1
1506322860,22188336,40.86,1.35609374,1
1506322566,22188204,40.94,0.12188569,0
1506322559,22188196,40.93,0.12191547,0
1506322532,22188187,40.93,0.12191547,0
1506322452,22188180,40.79,46.59098193,1
1506322180,22187945,40.92,0.12194526,0
1506322096,22187923,40.79,3.29296000,1
1506321681,22187780,40.92,2.43841642,0
1506321580,22187743,40.93,12.24627413,0
1506320854,22187195,40.91,0.99975556,0
1506320821,22187157,40.89,3.90339936,0
1506320078,22186625,40.94,0.12188569,0
1506320041,22186611,40.76,100.17724512,1
1506320041,22186610,40.79,47.36000000,1
1506320041,22186609,40.80,19.15000000,1
1506320039,22186608,40.81,72.82390369,1
1506319567,22186280,41.01,13.95391368,0
1506319420,22186247,40.82,6.67278069,0
1506318561,22185962,41.02,9.73671380,0
1506318246,22185855,41.04,11.14108186,0
1506318246,22185854,41.04,2.97636453,0
1506318244,22185853,41.01,10.22000000,0
1506318220,22185851,41.02,24.34178450,0
1506318186,22185843,41.03,24.33585182,0
1506318168,22185841,41.02,12.17089225,0
1506318136,22185817,41.02,24.34178450,0
1506318018,22185806,41.02,12.19178450,1
1506318018,22185805,41.02,12.15000000,0
1506318002,22185800,41.04,9.02363547,0
1506318001,22185799,41.03,14.43000000,1
1506318000,22185798,40.99,0.88099432,0
1506317983,22185796,40.99,2.43595999,0
1506317968,22185794,40.99,24.35959990,0
1506317941,22185784,40.98,13.28108834,0
1506317941,22185783,40.98,35.45000000,0
1506317350,22185546,41.01,4.73389059,1
1506317135,22185406,40.91,17.67209631,1
1506316242,22184952,41.02,0.97269625,0
1506315819,22184789,40.87,4.53600000,0
1506315103,22184551,40.91,1.38077952,0
1506315101,22184549,40.90,19.75000000,0
1506314721,22184297,40.89,33.68916606,0
1506314715,22184294,40.88,3.07361286,0
1506314715,22184293,40.87,6.80229998,0
1506314662,22184266,40.90,2.01763703,1
1506314604,22184197,41.02,0.12213554,1
1506313994,22183728,41.11,3.89106000,1
1506313989,22183711,41.11,1.36808791,0
1506313965,22183675,41.09,0.12205775,0
1506313951,22183634,41.09,0.12217634,0
1506313942,22183584,41.09,0.12205775,0
1506313889,22183428,41.21,1.53967483,1
1506313889,22183423,41.20,0.13000000,0
1506313888,22183420,41.11,0.13000000,0
1506313888,22183419,41.09,0.13000000,0
1506313886,22183418,41.04,0.00761557,0
1506313863,22183357,41.02,0.13000000,0
1506313836,22183269,41.02,0.12262311,1
1506313821,22183244,41.00,0.36135040,0
1506313821,22183243,41.00,2.50000000,0
1506313801,22183215,40.95,3.64032000,1
1506313795,22183210,40.95,0.00000019,0
1506313795,22183209,40.95,2.02703500,0
1506313777,22183190,40.94,7.91924078,1
1506313753,22183146,40.93,0.00710726,0
1506313746,22183141,40.89,0.20000000,0
1506313731,22183131,40.87,1.27427000,1
1506313702,22183109,40.91,0.12289274,0
1506313682,22183088,40.92,0.12286273,0
1506313671,22183067,40.92,0.12292278,0
1506313645,22183024,40.83,0.12292278,0
1506313633,22183004,40.80,6.91774723,0
1506313607,22182979,40.80,2.44509804,0
1506313585,22182952,40.80,0.12328431,0
1506313579,22182943,40.80,0.12328431,0
1506313571,22182932,40.80,0.12328431,0
1506313562,22182919,40.80,0.12310328,0
1506313547,22182899,40.80,0.12304305,0
1506313493,22182841,40.88,0.11605605,0
1506313426,22182749,40.69,4.82108988,0
1506313425,22182748,40.73,0.12300516,1
1506313425,22182747,40.74,0.12297496,1
1506311851,22181498,40.46,8.00000000,1
1506311347,22181255,40.46,0.00000188,0
1506311327,22181247,40.53,0.12336541,1
1506311327,22181246,40.60,0.12315271,1
1506310792,22180962,40.74,0.12297496,1
1506309816,22180525,40.74,1.91578947,0
1506309705,22180489,40.71,0.00000019,1
1506308803,22180133,40.71,2.02703500,1
1506308696,22180016,40.72,4.61653000,1
1506307041,22178803,40.90,9.63267082,0
1506307016,22178765,40.90,6.79465600,0
1506307015,22178764,40.90,7.64777200,0
1506307015,22178763,40.90,0.00139500,0
1506307015,22178762,40.89,8.96000000,0
1506307011,22178755,40.89,11.48860500,0
1506306881,22178593,40.84,7.38313689,1
1506306844,22178441,40.85,17.88787035,0
1506306820,22178371,40.84,19.16593000,0
1506306820,22178369,40.82,0.03000000,0
1506306560,22178085,40.70,0.50000000,1
1506306482,22177959,40.68,0.50000000,1
1506306450,22177868,40.80,0.68805685,1
1506306445,22177840,40.82,0.87000000,1
1506306443,22177837,40.82,0.13000000,0
1506306440,22177819,40.73,0.50000000,1
1506306408,22177720,40.79,0.87300000,0
1506306400,22177678,40.70,0.50000000,1
1506306383,22177583,40.79,0.97000000,1
1506306382,22177582,40.79,17.03000000,0
1506306377,22177547,40.78,47.10958000,0
1506306377,22177545,40.75,0.13000000,0
1506306349,22177363,40.69,0.20000000,0
1506306325,22177306,40.55,0.50000000,1
1506306294,22177245,40.69,19.75000000,0
1506306293,22177242,40.68,53.97000000,0
1506306284,22177199,40.65,0.13000000,0
1506306269,22177155,40.63,47.57175300,1
1506306268,22177152,40.62,0.13000000,0
1506306258,22177129,40.57,0.04550000,0
1506306256,22177122,40.60,65.00000000,1
1506305998,22176904,40.51,7.01000000,0
1506305994,22176897,40.51,1.99000000,1
1506305974,22176877,40.55,0.43480000,0
1506305974,22176875,40.55,0.43480000,0
1506305974,22176874,40.55,0.43480000,0
1506305974,22176873,40.55,0.43480000,0
1506305973,22176872,40.55,0.43480000,0
1506305973,22176871,40.53,0.43480000,0
1506305951,22176851,40.49,0.90000000,1
1506305931,22176812,40.45,9.00000000,1
1506305898,22176735,40.55,0.43477188,1
1506305898,22176733,40.55,11.56522812,0
1506305881,22176688,40.53,0.13000000,0
1506305860,22176618,40.50,9.00000000,1
1506305851,22176599,40.47,0.13000000,0
1506305851,22176597,40.45,7.83670611,0
1506305820,22176534,40.38,0.13000000,0
1506305750,22176395,40.37,46.43332400,0
1506304312,22175992,40.23,2.00000000,0
1506302830,22175798,40.06,12.33508995,1
1506300972,22175403,40.00,1.58323380,0
1506300971,22175402,40.00,0.20000000,1
1506300550,22175315,40.22,6.00023000,0
1506300278,22175275,40.10,0.67531172,0
1506300276,22175274,40.08,73.98778240,1
1506300035,22175206,39.73,5.17854173,1
1506300035,22175205,39.73,35.65145877,0
1506300035,22175204,39.89,31.69000000,0
1506300035,22175203,39.95,2.00000000,1
1506300034,22175202,40.00,1.00000000,1
1506300034,22175201,40.07,6.33000000,1
1506300032,22175200,40.12,0.58999950,1
1506299772,22175175,40.15,1.20000000,1
1506299772,22175174,40.15,3.95979656,1
1506298666,22174924,40.15,8.50093900,1
1506298665,22174922,40.15,8.50502738,1
1506298650,22174902,40.15,0.33423706,1
