date,tid,price,amount,type
1506384041,22239395,52.11,14.97000000,1
1506384023,22239388,52.03,3.02000000,1
1506384023,22239387,52.03,11.95000000,1
1506384005,22239379,52.10,18.19350000,1
1506384005,22239378,52.11,15.00000000,1
1506383996,22239366,52.09,14.96962921,1
1506383996,22239365,52.10,0.00037079,1
1506383976,22239362,52.14,99.80000000,1
1506383963,22239360,52.14,0.80840000,1
1506383958,22239359,52.20,0.18963098,0
1506383735,22239323,52.10,0.11080000,1
1506383725,22239322,52.10,55.54870000,1
1506383709,22239318,52.10,11.65070000,1
1506383635,22239301,52.05,4.99000000,1
1506383514,22239288,52.28,4.99655700,0
1506383514,22239287,52.28,5.00344300,0
1506383365,22239258,51.98,7.00000000,1
1506383363,22239257,51.99,15.00000000,1
1506383327,22239248,51.98,9.98000000,1
1506383295,22239238,51.98,2.39238316,1
1506383295,22239237,51.99,4.60761684,1
1506383247,22239204,51.97,5.00000000,1
1506383209,22239195,51.97,15.70760000,1
1506383200,22239194,51.97,99.80000000,1
1506383190,22239193,51.97,12.40000000,1
1506383190,22239192,51.98,7.56000000,1
1506383188,22239190,52.21,7.40423384,0
1506383033,22239169,52.00,2.32540000,1
1506382996,22239166,52.00,9.98000000,1
1506382965,22239164,52.00,99.80000000,1
1506382952,22239163,52.00,29.94000000,1
1506382898,22239151,52.00,4.75544195,1
1506382897,22239150,52.02,15.04757595,0
1506382845,22239136,52.01,27.34030000,1
1506382775,22239083,52.14,4.64481159,0
1506382735,22239053,52.07,39.96156534,0
1506382664,22239040,52.00,44.46872940,0
1506382640,22239029,52.00,40.97198500,0
1506382628,22239022,52.00,9.37500000,0
1506382628,22239021,52.00,10.50936700,0
1506382621,22239020,52.00,0.67491860,0
1506382553,22239010,51.89,4.81440000,1
1506382544,22239004,51.91,14.97000000,1
1506382532,22239002,51.73,34.39834812,1
1506382532,22239001,51.73,2.76000000,1
1506382532,22239000,51.82,13.80000000,1
1506382532,22238999,51.85,2.64000000,1
1506382532,22238998,51.90,1.44425188,1
1506382532,22238997,51.90,14.46520000,1
1506382529,22238996,51.91,10.00000000,1
1506382523,22238992,51.91,10.50800000,1
1506382464,22238984,52.12,0.38152500,0
1506382285,22238939,52.18,39.96156534,0
1506382077,22238900,52.01,9.00000000,1
1506381566,22238759,52.10,10.01630000,1
1506381565,22238758,52.11,62.70600000,1
1506381418,22238671,52.10,56.76630000,1
1506381328,22238648,52.35,3.76800000,0
1506381326,22238645,52.08,0.73200000,0
1506381160,22238591,52.11,18.40720000,1
1506381132,22238582,52.05,14.97000000,1
1506381096,22238561,52.08,87.72000000,1
1506381096,22238560,52.10,12.08000000,1
1506381078,22238540,52.11,14.09880000,1
1506380883,22238455,52.01,22.00000000,1
1506380883,22238454,52.02,28.00000000,0
1506380883,22238453,52.02,72.00000000,0
1506380878,22238448,52.02,1.80000000,1
1506380715,22238408,52.27,1.04934966,0
1506380508,22238287,52.16,0.08000000,1
1506380503,22238284,52.17,0.01887447,1
1506380412,22238251,52.17,9.64070000,1
1506380403,22238241,52.16,39.94000000,1
1506380384,22238219,52.16,4.99000000,1
1506380369,22238207,52.16,4.99000000,1
1506380290,22238148,52.17,9.98000000,1
1506379781,22237704,52.26,127.63634041,1
1506379719,22237684,52.26,8.05000000,0
1506379657,22237662,52.26,0.00000488,1
1506379652,22237661,52.28,0.00110512,1
1506379614,22237644,52.28,0.16763195,1
1506379614,22237643,52.30,0.00106805,1
1506379605,22237640,52.30,0.18956293,1
1506379605,22237639,52.30,0.16873707,1
1506379504,22237575,52.30,0.99327661,1
1506379504,22237574,52.30,1.90672339,1
1506379422,22237556,52.30,0.24060000,1
1506379409,22237555,52.32,8.76798632,1
1506379408,22237554,52.40,0.00251368,1
1506379393,22237548,52.40,1.08990000,1
1506379369,22237535,52.43,4.02400000,1
1506379276,22237492,52.42,53.51960095,0
1506379274,22237489,52.46,0.48039905,1
1506379123,22237449,52.46,1.09241368,1
1506378921,22237384,52.57,14.17020000,1
1506378849,22237345,52.57,15.27000000,1
1506378733,22237307,52.57,0.37100000,1
1506378700,22237288,52.64,3.54278750,0
1506378700,22237287,52.64,1.45721250,0
1506378687,22237284,52.57,0.18880000,1
1506378487,22237223,52.62,13.08874572,0
1506378487,22237222,52.61,59.21000000,0
1506378418,22237181,52.39,7.05107624,1
1506378269,22237102,52.60,17.31920000,0
1506378250,22237098,52.59,6.66000000,1
1506378166,22237081,52.59,2.37079293,0
1506378129,22237074,52.30,35.51285371,0
1506378128,22237072,52.31,9.88000000,1
1506378128,22237071,52.33,22.37000000,1
1506378127,22237070,52.36,15.00000000,0
1506378126,22237069,52.36,39.77000000,0
1506377946,22236948,52.63,1.79498384,0
1506377714,22236773,52.39,9.52090093,1
1506377661,22236736,52.33,1.45721250,1
1506377597,22236669,52.40,27.93084981,1
1506377590,22236661,52.46,9.44834900,0
1506377589,22236658,52.40,72.06915019,1
1506377572,22236636,52.53,1.65276984,0
1506377438,22236524,52.67,1.89405734,0
1506377076,22236252,52.59,12.54890000,1
1506376967,22236143,52.55,9.20000000,1
1506376961,22236137,52.52,1.03920000,1
1506376961,22236136,52.61,0.09160000,1
1506376919,22236071,52.61,45.72840000,1
1506376910,22236063,52.59,0.82440000,1
1506376881,22236029,52.72,3.66170000,1
1506376877,22236027,52.72,36.29986534,0
1506376808,22235921,52.54,82.83400000,1
1506376807,22235917,52.54,2.75000000,1
1506376807,22235916,52.61,8.05000000,1
1506376807,22235915,52.82,26.25009466,1
1506376786,22235848,52.61,10.33067075,1
1506376786,22235847,52.72,0.52962925,1
1506376784,22235838,52.80,0.55564000,1
1506376728,22235701,52.53,5.00000000,0
1506376215,22235380,52.50,63.10560000,1
1506376206,22235379,52.46,14.68010000,1
1506376206,22235378,52.51,59.16000000,1
1506376198,22235376,52.79,0.02547154,1
1506376197,22235375,52.79,12.91820000,1
1506376193,22235374,52.79,73.89924819,1
1506376193,22235373,52.79,113.00000000,0
1506376193,22235372,52.78,35.23000000,0
1506376193,22235371,52.75,10.07000000,0
1506376192,22235370,52.64,0.11980000,0
1506376192,22235369,52.59,0.12000000,0
1506376192,22235368,52.58,0.12000000,0
1506376185,22235367,52.43,14.97000000,1
1506376165,22235362,52.57,1.70560000,1
1506376058,22235309,52.33,0.11980000,1
1506376054,22235308,52.53,0.12000000,1
1506376049,22235307,52.53,0.11980000,1
1506376047,22235305,52.54,0.12000000,1
1506376037,22235296,52.54,7.96310000,1
1506376037,22235295,52.54,3.84530000,1
1506376037,22235294,52.54,3.84530000,1
1506376021,22235283,52.38,7.61880000,1
1506376018,22235280,52.54,7.99420000,1
1506376018,22235279,52.54,7.87420000,1
1506376017,22235278,52.54,0.12000000,1
1506376016,22235277,52.54,7.63420000,1
1506376016,22235276,52.53,0.12000000,0
1506376016,22235275,52.52,0.12000000,0
1506376016,22235274,52.51,0.12000000,0
1506376006,22235272,52.36,14.61000000,1
1506376006,22235271,52.39,0.12000000,1
1506376006,22235270,52.40,0.12000000,1
1506376006,22235269,52.41,0.12000000,1
1506375905,22235161,52.34,13.95108182,1
1506375905,22235160,52.37,1.01891818,1
1506375904,22235158,52.37,0.41237953,1
1506375886,22235136,52.33,6.79692617,1
1506375886,22235135,52.34,3.88000000,1
1506375886,22235134,52.38,1.43102461,1
1506375886,22235133,52.38,1.43102461,1
1506375886,22235132,52.38,1.43102461,1
1506375858,22235100,52.40,9.13197258,1
1506375858,22235099,52.41,4.29000000,1
1506375857,22235098,52.41,0.12000000,1
1506375857,22235097,52.49,1.42802742,1
1506375829,22235069,52.44,14.97000000,1
1506375818,22235053,52.43,14.97000000,1
1506375809,22235047,52.40,9.74000000,1
1506375809,22235046,52.41,5.23000000,1
1506375783,22235042,52.42,14.85000000,1
1506375783,22235041,52.42,0.12000000,1
1506375706,22234911,52.41,14.97000000,1
1506375692,22234890,52.45,44.33820000,1
1506375684,22234879,52.67,0.38669396,1
1506375684,22234878,52.57,1.57911592,0
1506375684,22234877,52.50,3.04926012,0
1506375677,22234858,52.47,14.97000000,1
1506375667,22234831,52.33,10.34000000,1
1506375667,22234830,52.38,4.63000000,1
1506375658,22234824,52.42,3.56200000,1
1506375658,22234823,52.44,40.39000000,1
1506375650,22234800,52.50,32.39639900,0
1506375649,22234799,52.50,1.00306600,0
1506375648,22234795,52.50,3.04926000,0
1506375642,22234787,52.33,43.95200000,1
1506375632,22234772,52.34,13.42990000,1
1506375632,22234771,52.34,5.12000000,1
1506375626,22234757,52.49,5.24302000,0
1506375625,22234756,52.48,5.12101978,0
1506375597,22234727,52.40,2.37000000,0
1506375596,22234725,52.40,5.63000000,1
1506375594,22234715,52.43,6.97210000,1
1506375580,22234672,52.48,0.34932000,0
1506375553,22234649,52.48,1.59773400,0
1506375552,22234647,52.48,0.14958700,0
1506375545,22234642,52.48,3.45368700,0
1506375458,22234573,52.46,0.07109964,1
1506375453,22234567,52.46,35.36520000,1
1506375448,22234565,52.32,0.00000037,0
1506374959,22234184,52.32,1.69137200,0
1506373985,22233823,52.26,1.57911592,1
1506373985,22233821,52.27,22.16662408,1
1506373924,22233800,52.27,1.41677925,1
1506373872,22233772,52.27,1.95852500,1
1506373828,22233745,52.27,9.77088247,1
1506373792,22233721,52.27,2.95661420,1
1506373775,22233702,52.27,11.73057500,1
1506373775,22233701,52.29,1.00000000,1
1506373723,22233659,52.36,5.78650070,1
1506373648,22233579,52.36,1.03628725,1
1506373589,22233561,52.43,3.00591265,0
1506373360,22233480,52.36,4.89610371,1
1506373117,22233356,52.46,0.82399999,0
1506373101,22233348,52.36,0.18350000,1
1506372862,22233190,52.37,3.73260000,1
1506372859,22233183,52.52,3.73970000,1
1506372852,22233174,52.36,35.79160834,1
1506372852,22233173,52.38,2.94748400,1
1506372730,22233077,52.38,12.44251600,1
1506372645,22233012,52.53,35.05868075,0
1506372633,22233008,52.36,4.30600000,1
1506372633,22233007,52.37,7.67000000,1
1506372507,22232960,52.54,1.68800000,0
1506372406,22232916,52.43,42.49490000,1
1506372292,22232818,52.60,5.21768061,0
1506372285,22232813,52.54,1.77015160,0
1506372269,22232809,52.38,1.10280000,1
1506372255,22232788,52.51,26.69815100,0
1506372183,22232755,52.40,131.80560000,1
1506372118,22232732,52.37,1.50563300,1
1506372084,22232713,52.53,8.26708600,0
1506372054,22232704,52.56,6.00000000,0
1506372004,22232652,52.57,0.50001000,0
1506371943,22232619,52.38,0.16870000,1
1506371934,22232613,52.50,47.83110623,1
1506371934,22232612,52.53,0.07289377,1
1506371813,22232531,52.60,50.00000000,0
1506371762,22232493,52.53,36.46500000,1
1506371751,22232472,52.53,63.46210623,0
1506371750,22232469,52.53,9.26688000,0
1506371750,22232468,52.53,10.61892700,0
1506371747,22232464,52.53,0.40000000,0
1506371744,22232452,52.53,8.38568000,0
1506371742,22232444,52.53,2.83099500,0
1506371742,22232443,52.53,14.22183700,0
1506371742,22232441,52.53,12.18413200,0
1506371741,22232437,52.53,56.21971330,0
1506371731,22232419,52.42,7.31496487,1
1506371731,22232418,52.43,4.47000000,1
1506371731,22232417,52.48,0.04210000,1
1506371730,22232416,52.50,1.57161690,1
1506371730,22232415,52.51,1.57131823,1
1506371720,22232400,52.52,0.85000000,1
1506371720,22232399,52.53,14.12000000,1
1506371713,22232384,52.74,4.44216400,0
1506371711,22232379,52.53,14.97000000,1
1506371705,22232362,52.72,3.00000000,0
1506371702,22232359,52.60,14.97000000,1
1506371691,22232305,52.59,1.42320000,1
1506371679,22232301,52.61,10.85830000,1
1506371669,22232281,52.52,17.66140000,1
1506371669,22232280,52.56,49.26850000,1
1506371660,22232268,52.59,40.93574565,1
1506371660,22232267,52.60,17.05000000,1
1506371659,22232266,52.60,12.03000000,1
1506371659,22232265,52.65,29.78425435,1
1506371650,22232247,52.84,29.78425435,1
1506371650,22232245,52.80,1.57221459,0
1506371648,22232242,52.78,1.57281273,0
1506371644,22232229,52.74,17.00000000,0
1506371640,22232223,52.56,21.43670000,1
1506371640,22232222,52.61,40.59800000,1
1506371631,22232191,52.56,3.64080000,1
1506371631,22232190,52.57,13.30000000,1
1506371631,22232189,52.59,46.05000000,1
1506371613,22232154,52.56,99.80000000,1
1506371604,22232132,52.54,98.23493748,1
1506371604,22232131,52.75,1.56506252,1
1506371595,22232111,52.54,1.57290000,1
1506371590,22232100,52.67,1.57611066,0
1506371590,22232099,52.66,0.00000013,0
1506371585,22232091,52.54,14.97000000,1
1506371576,22232061,52.66,1.57641858,0
1506371575,22232060,52.55,0.00000042,0
1506371565,22232052,52.49,13.29340000,1
1506371554,22232025,52.48,20.92790000,1
1506371553,22232024,52.48,0.12400000,1
1506371544,22232006,52.48,61.89000000,1
1506371535,22231992,52.46,42.61560000,1
1506371535,22231991,52.47,15.00000000,1
1506371526,22231963,52.44,49.68000000,1
1506371526,22231962,52.44,15.12000000,1
1506371526,22231961,52.45,15.00000000,1
1506371526,22231960,52.45,20.00000000,1
1506371506,22231911,52.53,43.53270000,1
1506371506,22231910,52.53,15.00000000,1
1506371496,22231884,52.49,19.25550000,1
1506371487,22231867,52.47,10.34030000,1
1506371478,22231842,52.45,99.80000000,1
1506371476,22231835,52.55,67.06777700,0
1506371469,22231812,52.43,52.76021760,1
1506371469,22231809,52.44,47.03978240,1
1506371465,22231801,52.55,7.35205915,0
1506371439,22231738,52.30,16.68700000,1
1506371439,22231737,52.38,12.96000000,1
1506371438,22231736,52.45,17.29900000,1
1506371431,22231723,52.55,27.07450686,0
1506371415,22231698,52.38,5.99122316,1
1506371415,22231697,52.44,40.86800000,1
1506371415,22231696,52.53,0.08677684,1
1506371388,22231678,52.53,43.08770000,1
1506371376,22231666,52.53,3.00000000,0
1506371376,22231665,52.50,25.89467335,0
1506371371,22231663,52.50,32.30323810,0
1506371360,22231650,52.37,1.00000000,1
1506371129,22231489,52.31,0.34030000,1
1506371129,22231488,52.35,15.00000000,1
1506371126,22231484,52.50,15.36761904,0
1506371124,22231482,52.49,7.50457666,0
1506371117,22231481,52.34,14.97000000,1
1506371102,22231479,52.41,14.97000000,1
1506371084,22231478,52.39,7.48210000,1
1506371074,22231473,52.39,0.99800000,1
1506371064,22231466,52.46,0.26250000,1
1506370993,22231406,52.33,4.99000000,1
1506370968,22231400,52.36,4.99000000,1
1506370942,22231369,52.31,2.55800000,0
1506370815,22231317,52.44,12.19742263,1
1506370465,22231180,52.20,3.90747127,1
1506370285,22231086,52.36,10.65252000,0
1506370056,22230971,52.22,1.41620000,1
1506369941,22230905,52.36,7.98000000,0
1506369899,22230877,52.36,1.43157091,1
1506369899,22230876,52.37,47.68580064,1
1506369864,22230851,52.50,0.12551437,0
1506369852,22230847,52.50,0.60000000,0
1506369601,22230616,52.39,0.00000025,0
1506369588,22230597,52.39,2.42796500,0
1506369567,22230578,52.39,27.45676654,0
1506369566,22230575,52.39,1.03069600,0
1506369564,22230573,52.39,12.58507700,0
1506369564,22230572,52.39,13.96500000,0
1506369562,22230571,52.39,15.00000000,1
1506369512,22230547,52.50,0.00027794,1
1506369510,22230545,52.54,20.00000000,0
1506369430,22230476,52.50,0.13780000,1
1506369410,22230470,52.50,68.89900000,1
1506369404,22230460,52.50,0.96292206,0
1506369315,22230378,52.49,48.74992074,1
1506369307,22230364,52.43,19.53090000,1
1506369282,22230359,52.37,19.53090000,1
1506369277,22230355,52.50,25.05600000,0
1506369275,22230354,52.50,13.98107794,0
1506369275,22230353,52.46,0.00047806,0
1506369202,22230317,52.46,1.58196721,0
1506368985,22230126,52.45,8.88067099,0
1506368939,22230087,52.20,5.73480000,1
1506368939,22230086,52.22,11.83000000,1
1506368881,22230064,52.45,5.93400000,0
1506368881,22230063,52.41,16.34000000,0
1506368857,22230043,52.19,22.34930000,1
1506368849,22230038,52.30,7.74864839,0
1506368849,22230037,52.25,0.68410739,0
1506368767,22229968,52.01,0.40822235,0
1506368767,22229967,52.09,15.70600000,1
1506368765,22229964,52.18,1.48316765,1
1506368680,22229887,52.00,9.86652800,0
1506368678,22229885,52.00,75.41322200,0
1506368620,22229856,52.00,1.00225000,0
1506368608,22229844,52.00,2.00000000,0
1506368605,22229842,52.00,1.00000000,0
1506368593,22229827,52.00,41.51000000,0
1506368583,22229824,52.00,0.20800000,0
1506368576,22229819,52.00,2.00000000,0
1506368431,22229760,52.09,17.28863000,1
1506368417,22229752,52.05,1.50137000,0
1506368409,22229749,52.05,2.87362900,0
1506368387,22229700,52.05,50.62500100,0
1506368375,22229691,52.00,2.99999964,0
1506368359,22229676,52.00,12.19308300,0
1506368355,22229674,52.00,4.54252000,0
1506368349,22229660,52.00,3.01489000,0
1506368347,22229654,52.00,3.72181538,0
1506368317,22229635,52.00,0.50000000,0
1506368310,22229632,52.00,0.50000000,0
1506368284,22229626,52.00,1.00000000,0
1506368218,22229595,52.00,3.83769198,1
1506368218,22229594,52.00,0.00000033,0
1506368194,22229568,52.00,145.65248800,0
1506368037,22229412,52.04,1.29863000,1
1506368032,22229410,52.04,0.96285937,0
1506368018,22229398,51.89,0.85584584,1
1506367951,22229376,52.00,0.09576923,0
1506367831,22229337,51.98,12.74512000,0
1506367713,22229255,51.98,5.00000000,0
1506367670,22229233,51.98,9.59690000,0
1506367669,22229231,51.98,9.59690000,0
1506367669,22229230,51.98,9.59690000,0
1506367669,22229229,51.98,4.31922380,0
1506367637,22229208,51.98,3.49877688,0
1506367565,22229169,51.98,1.41869100,0
1506367397,22229102,51.95,20.71935630,1
1506367380,22229093,51.95,4.41408000,1
1506367377,22229090,51.95,4.45504000,1
1506367376,22229086,51.95,4.45504000,1
1506367373,22229081,51.95,4.45504000,1
1506367370,22229078,51.99,4.92368500,0
1506367370,22229077,51.97,132.90931500,0
1506367359,22229054,51.97,5.78973200,0
1506367304,22229024,51.97,4.00000000,0
1506367279,22229007,51.97,1.30095300,0
1506367212,22228969,52.00,310.16923076,0
1506367212,22228968,51.99,13.79000000,0
1506367211,22228967,51.98,59.76078494,0
1506367195,22228961,51.98,17.31195600,0
1506367186,22228957,51.98,40.47072062,0
1506367186,22228956,51.96,114.81800638,0
1506367155,22228929,51.96,7.18199362,0
1506367155,22228928,51.95,2.81800638,0
1506367142,22228923,51.95,4.31309900,0
1506367137,22228921,51.95,0.97110000,0
1506367044,22228853,51.95,9.57770900,0
1506367034,22228848,51.95,9.12697600,0
1506367021,22228843,51.95,20.48320602,0
1506367021,22228842,51.82,0.16278498,0
1506367016,22228841,51.95,15.07184000,0
1506367009,22228839,51.80,5.50700000,0
1506367006,22228837,51.81,57.49300000,1
1506366991,22228832,51.95,37.63806360,0
1506366991,22228831,51.94,8.99393640,0
1506366939,22228813,51.76,55.03400000,0
1506366937,22228811,51.76,29.96600000,0
1506366937,22228810,51.76,15.00000000,1
1506366893,22228786,51.93,0.18408500,0
1506366876,22228782,51.94,0.19084000,0
1506366874,22228781,51.94,51.83334100,0
1506366845,22228774,51.93,12.97642000,1
1506366835,22228773,51.75,25.28839489,0
1506366835,22228772,51.75,16.59485100,0
1506366834,22228771,51.75,22.01468600,0
1506366834,22228770,51.75,15.00000000,0
1506366832,22228768,51.75,15.00000000,1
1506366832,22228767,51.75,0.44506811,1
1506366832,22228766,51.76,38.65700000,1
1506366704,22228713,51.70,17.47362700,0
1506366703,22228712,51.70,50.00000000,0
1506366703,22228711,51.70,17.11980800,0
1506366700,22228710,51.70,58.62000000,0
1506366700,22228709,51.77,8.63000000,1
1506366700,22228708,51.79,48.15656500,1
1506366213,22228546,51.78,1.16660000,1
1506366196,22228540,51.78,1.16512166,0
1506366188,22228527,51.84,17.74310000,1
1506366187,22228526,51.84,17.74310000,1
1506366187,22228525,51.84,17.48620000,1
1506366184,22228522,51.84,0.25690000,1
1506366184,22228521,51.84,17.74310000,1
1506366180,22228515,51.78,7.19104000,0
1506366128,22228472,51.84,40.65930000,1
1506366128,22228471,51.84,58.41000000,1
1506366050,22228435,51.92,5.93816900,0
1506365929,22228337,51.97,2.29441000,0
1506365916,22228320,51.92,7.02479000,0
1506365810,22228252,52.13,1.37000000,0
1506365810,22228251,51.85,16.39162475,1
1506365809,22228249,51.86,1.44536520,0
1506365809,22228246,51.88,17.16301005,0
1506365809,22228245,51.88,2.10607195,0
1506365809,22228244,51.88,15.00000000,0
1506365809,22228243,51.88,2.16301000,0
1506365807,22228240,51.88,15.00000000,1
1506365807,22228239,51.89,1.63091805,1
1506365805,22228237,51.87,4.10000000,1
1506365787,22228231,52.00,4.10000000,0
1506365660,22228146,52.28,0.16236000,0
1506365510,22228115,52.09,38.56376867,1
1506365509,22228114,52.19,1.43623133,1
1506365452,22228097,52.30,9.39771000,0
1506365451,22228096,52.30,9.39771000,0
1506365448,22228093,52.30,4.32471000,0
1506365448,22228092,52.29,5.07300000,0
1506365447,22228091,52.28,5.06756000,0
1506365445,22228089,52.29,9.39700000,0
1506365408,22228079,52.30,0.50000000,0
1506365408,22228078,52.30,0.13000000,0
1506365407,22228076,52.30,1.41920432,0
1506365393,22228071,52.30,5.00248565,0
1506365385,22228066,52.30,0.37099500,0
1506365339,22228049,52.30,24.07254664,0
1506365339,22228048,52.30,13.50725404,0
1506365275,22228032,52.30,0.20024000,0
1506364922,22227872,52.16,76.22130000,1
1506364913,22227869,52.16,76.32708262,1
1506364913,22227868,52.17,8.13000000,1
1506364912,22227867,52.17,1.34291738,1
1506364912,22227866,52.17,14.00000000,1
1506364910,22227865,52.17,1.00000000,1
1506364903,22227857,52.14,1.34140000,1
1506364900,22227851,52.13,0.20600000,0
1506364825,22227822,52.12,72.17040000,1
1506364806,22227814,52.16,0.03000000,1
1506364799,22227811,52.16,14.97000000,1
1506364768,22227800,52.11,1.24660000,1
1506364746,22227791,52.11,85.82710000,1
1506364575,22227706,52.04,0.00010000,1
1506364574,22227705,52.17,0.13970000,1
1506364564,22227697,52.17,69.75330000,1
1506364554,22227694,52.17,99.80000000,1
1506364545,22227692,52.17,6.03400000,1
1506364545,22227691,52.30,11.49816500,0
1506364545,22227690,52.21,0.43300000,0
1506364541,22227688,52.21,0.01800000,1
1506364533,22227673,52.21,8.80920000,1
1506364533,22227671,52.23,0.00020000,1
1506364524,22227643,52.23,0.12680000,1
1506364509,22227631,52.23,63.37900000,1
1506364496,22227619,52.23,99.80000000,1
1506364486,22227615,52.22,8.80940000,1
1506364477,22227613,52.21,99.80000000,1
1506364468,22227611,52.21,60.00980000,1
1506364458,22227577,52.19,99.80000000,1
1506364446,22227564,52.19,0.18770000,1
1506364436,22227555,52.19,93.83900000,1
1506364426,22227551,52.19,68.74630000,1
1506364413,22227545,52.17,99.79980000,1
1506364413,22227544,52.17,0.00020000,1
1506364400,22227533,52.17,0.13780000,1
1506364391,22227532,52.17,68.87700000,1
1506364382,22227525,52.17,99.80000000,1
1506364358,22227509,52.17,16.70760000,1
1506364358,22227508,52.30,1.86141000,0
1506364348,22227496,52.17,14.97000000,1
1506364347,22227494,52.30,1.46577437,0
1506364343,22227489,52.30,4.68009729,0
1506364341,22227484,52.30,1.78705930,0
1506364335,22227463,52.09,26.65910000,1
1506364335,22227462,52.14,2.78000000,1
1506364335,22227461,52.15,27.41700000,1
1506364324,22227453,52.11,14.87800000,1
1506364324,22227452,52.13,0.09200000,1
1506364322,22227450,52.30,15.00000000,0
1506364315,22227441,52.13,46.16850000,1
1506364304,22227436,52.13,38.16550000,1
1506364304,22227435,52.14,15.00000000,1
1506364295,22227434,52.13,77.81400000,1
1506364295,22227433,52.14,15.00000000,1
1506364283,22227417,52.14,46.94900000,1
1506364274,22227399,52.16,6.64066500,0
1506364273,22227398,52.16,56.00400000,0
1506364270,22227396,52.11,34.93900000,1
1506364242,22227370,52.16,1.34033500,0
1506364121,22227284,51.97,2.41520000,1
1506364119,22227277,52.14,2.42019932,1
1506364063,22227226,51.94,1.11380000,1
1506364056,22227223,52.14,1.11584196,1
1506364054,22227217,52.14,1.65189833,0
1506364054,22227215,52.00,0.00000040,0
1506364053,22227213,51.96,1.84000000,1
1506363975,22227124,52.00,39.99999960,0
1506363975,22227122,51.94,0.00000040,0
1506363951,22227090,51.94,1.59804300,0
1506363711,22226946,51.86,0.13529500,1
1506363573,22226865,51.82,14.26000000,0
1506363516,22226822,51.43,242.39900000,1
1506363516,22226821,51.46,113.00000000,1
1506363516,22226820,51.47,0.64000000,1
1506363515,22226819,51.52,1.00000000,1
1506363515,22226818,51.54,3.22000000,1
1506363515,22226817,51.55,1.00000000,1
1506363515,22226816,51.61,73.74100000,1
1506363515,22226815,51.62,15.00000000,1
1506363461,22226763,51.59,62.27139370,0
1506363461,22226761,51.60,28.28452830,1
1506363460,22226760,51.61,107.00000000,1
1506363460,22226759,51.61,3.55000000,0
1506363459,22226758,51.62,109.00000000,0
1506363459,22226757,51.62,64.03407800,0
1506363458,22226756,51.62,25.86000000,1
1506363366,22226718,51.61,21.07000000,0
1506363365,22226716,51.61,3.93000000,1
1506363365,22226715,51.62,15.00000000,1
1506363322,22226703,51.82,28.36534526,0
1506363321,22226702,51.70,8.78579774,0
1506363302,22226679,51.70,75.33045226,0
1506363141,22226576,51.70,0.88375000,0
1506363125,22226536,51.50,0.88189716,0
1506363124,22226535,51.50,0.93000000,1
1506362797,22226398,51.66,2.93586597,0
1506362780,22226386,51.64,35.16278498,1
1506362671,22226322,51.64,1.59804340,1
1506362598,22226299,51.65,40.00000000,0
1506362502,22226246,51.68,0.45603312,0
1506362408,22226165,51.73,40.00000000,1
1506361898,22225874,51.85,3.23459222,1
1506361666,22225694,52.03,1.00000000,0
1506361652,22225682,52.12,4.54317600,1
1506361639,22225670,52.24,0.01474300,0
1506361639,22225669,52.23,21.01245700,0
1506361618,22225657,52.24,3.94902037,0
1506361618,22225655,52.23,4.33677963,0
1506361617,22225649,52.24,46.48368133,0
1506361616,22225647,52.23,21.44186200,1
1506361615,22225646,52.23,8.28000000,0
1506361606,22225642,52.17,95.23300000,0
1506361606,22225640,52.16,9.84000000,0
1506361566,22225636,52.09,17.39550000,0
1506361565,22225635,52.08,3.53000000,0
1506361564,22225634,52.10,48.13028809,0
1506361564,22225633,52.09,26.39971191,0
1506361539,22225614,52.10,40.00000000,0
1506361298,22225426,52.20,92.19079750,1
1506361297,22225425,52.20,4.06066000,1
1506361282,22225418,52.15,16.34000000,0
1506361265,22225413,52.18,75.80732368,0
1506361214,22225377,52.01,2.18492000,1
1506361206,22225372,52.10,9.57390000,0
1506361195,22225367,52.03,10.03760000,1
1506361160,22225330,52.00,1.00000000,0
1506361109,22225275,52.08,0.54567000,0
1506361109,22225274,52.00,3.14840000,0
1506361095,22225270,51.85,3.52655000,1
1506361085,22225264,51.86,1.00000000,1
1506361046,22225240,51.99,0.20166300,0
1506361046,22225239,51.99,7.25927300,0
1506361037,22225234,51.99,0.65072700,0
1506361037,22225233,51.95,58.08000000,0
1506361036,22225232,51.96,58.08000049,0
1506361036,22225231,51.91,0.49168351,0
1506361028,22225224,51.73,1.00000000,1
1506360998,22225194,51.91,1.10728700,0
1506360972,22225183,51.70,1.00000000,1
1506360969,22225181,51.70,0.65060088,1
1506360947,22225164,51.70,6.80875389,1
1506360919,22225152,51.65,65.00000000,0
1506360918,22225151,51.65,15.00000000,1
1506360872,22225120,51.55,10.21200000,1
1506360872,22225119,51.55,0.68000000,1
1506360871,22225118,51.59,103.00000000,1
1506360871,22225117,51.67,3.41000000,1
1506360869,22225109,51.69,52.69800000,1
1506360796,22224990,51.52,16.61000000,1
1506360796,22224989,51.53,4.31000000,1
1506360796,22224988,51.53,0.76000000,1
1506360741,22224946,51.87,5.46943127,0
1506360741,22224945,51.87,3.38000000,1
1506360740,22224943,51.85,1.00000000,1
1506360740,22224942,51.85,16.91000000,1
1506360740,22224941,51.82,1.00000000,0
1506360740,22224940,51.82,115.00000000,1
1506360739,22224939,51.76,41.47023175,0
1506360739,22224938,51.75,20.09000000,0
1506360737,22224936,51.63,0.00000029,0
1506360693,22224911,51.63,5.45036300,0
1506360665,22224868,51.63,5.00000000,0
1506360664,22224866,51.63,7.77566400,0
1506360652,22224857,51.63,0.31000000,0
1506360562,22224694,51.63,5.40338490,0
1506360562,22224692,51.62,4.59661510,0
1506360558,22224672,51.62,0.01056531,1
1506360553,22224659,51.63,50.00000000,0
1506360538,22224635,51.57,15.08423469,0
1506360535,22224618,51.64,97.43780414,1
1506360519,22224604,51.64,17.56219586,1
1506360518,22224602,51.64,35.00000000,1
1506360512,22224598,51.60,3.02183363,0
1506360511,22224595,51.48,3.77758953,1
1506360504,22224557,51.61,1.59897051,1
1506360500,22224544,51.63,17.81700000,1
1506360468,22224442,51.73,4.87560828,1
1506360468,22224441,51.73,22.43780414,1
1506360446,22224413,51.73,0.12819605,1
1506360446,22224412,51.75,13.08808899,1
1506360437,22224399,51.74,0.20963931,0
1506360435,22224393,51.75,8.29772830,1
1506360433,22224389,51.75,5.00000000,1
1506360427,22224380,51.75,0.71408423,0
1506360427,22224378,51.75,0.00006726,0
1506360418,22224345,51.75,13.21628504,0
1506360323,22224271,51.80,61.07852061,1
1506360323,22224270,51.83,16.34000000,1
1506360323,22224269,51.84,4.70049204,0
1506360321,22224266,51.84,15.00000000,1
1506360248,22224179,51.89,20.76000000,1
1506360247,22224178,51.90,2.90000000,1
1506360247,22224177,51.94,16.34000000,1
1506360229,22224158,51.91,23.66000000,1
1506360229,22224157,51.92,16.34000000,1
1506360221,22224146,51.89,18.26900520,1
1506360221,22224145,51.90,3.21000000,1
1506360221,22224144,51.90,6.74000000,1
1506360219,22224140,52.00,3.69683506,1
1506360219,22224139,52.00,1.75923974,1
1506360191,22224118,52.14,0.75000000,0
1506360015,22224017,52.07,2.40000000,1
1506359990,22224007,52.08,37.77930000,1
1506359990,22224006,52.09,0.03000000,1
1506359977,22223990,52.09,14.97000000,1
1506359976,22223988,52.28,40.00000000,0
1506359901,22223949,52.34,1.33377914,0
1506359748,22223808,52.37,15.55000000,0
1506359684,22223748,52.37,1.57641871,1
1506359456,22223586,52.28,9.08620226,1
1506359388,22223542,52.11,16.88882000,1
1506359388,22223541,52.11,15.00000000,1
1506359388,22223540,52.12,8.11118000,1
1506359380,22223533,52.23,8.11118000,0
1506359365,22223524,52.13,8.10000000,1
1506359363,22223521,52.14,15.00000000,1
1506359309,22223473,52.01,1.50678222,0
1506359308,22223470,52.00,3.60113203,0
1506359308,22223469,52.00,10.38003700,0
1506359308,22223468,52.00,14.16868900,0
1506359307,22223465,52.00,9.00000000,0
1506359307,22223464,52.00,64.18907800,0
1506359307,22223463,52.00,19.33131100,0
1506359307,22223462,52.00,75.17076900,0
1506359307,22223461,52.00,1.78724500,0
1506359307,22223459,52.00,87.24485200,0
1506359306,22223458,52.00,234.00000000,0
1506359305,22223455,52.00,2.12143267,0
1506359304,22223451,52.00,0.70980795,0
1506359304,22223450,52.00,65.94823000,0
1506359304,22223447,52.00,0.10682264,1
1506359304,22223446,52.04,1.00000000,1
1506359304,22223445,52.06,116.00000000,1
1506359304,22223443,52.06,131.07068767,1
1506359304,22223441,52.10,30.44800000,1
1506359303,22223438,52.12,0.83000000,1
1506359303,22223436,52.15,1.58244527,1
1506359303,22223434,52.20,16.54920955,1
1506359303,22223433,52.21,3.27810764,1
1506359303,22223432,52.31,6.84390358,1
1506359303,22223431,52.38,4.63824000,1
1506359301,22223422,52.21,1.66766595,0
1506359300,22223417,52.21,0.38306838,0
1506359300,22223415,52.21,5.74602567,0
1506359298,22223401,52.21,27.56500000,1
1506359298,22223398,52.38,4.63824000,1
1506359297,22223388,52.40,65.94823000,0
1506359182,22223267,52.40,2.00000000,0
1506359173,22223264,52.40,14.50000000,0
1506359164,22223259,52.40,33.50000000,0
1506359107,22223216,52.40,0.10682264,0
1506359107,22223215,52.40,18.39018300,0
1506359076,22223190,52.40,20.15958000,0
1506359066,22223189,52.40,11.45023700,0
1506359025,22223162,52.40,50.00000000,0
1506358862,22223042,52.40,9.60819500,0
1506358840,22223019,52.23,31.52900000,1
1506358840,22223018,52.24,1.95000000,1
1506358775,22222934,52.20,83.45079045,1
1506358775,22222933,52.21,1.00000000,1
1506358775,22222932,52.21,23.04700000,1
1506358775,22222931,52.23,36.50220955,1
1506358771,22222927,52.23,0.00579045,1
1506358770,22222926,52.23,2.15000000,1
1506358742,22222910,52.22,85.62000000,1
1506358742,22222909,52.23,111.00000000,1
1506358742,22222908,52.24,1.00000000,1
1506358742,22222907,52.24,2.38000000,1
1506358725,22222897,52.28,0.00000037,0
1506358725,22222896,52.28,13.91581900,0
1506358724,22222894,52.28,9.73236100,0
1506358722,22222893,52.28,1.00000000,1
1506358722,22222892,52.32,2.63000000,1
1506358714,22222889,52.28,100.47296934,1
1506358714,22222888,52.30,1.00000000,1
1506358713,22222887,52.31,2.90000000,1
1506358713,22222886,52.33,1.00000000,1
1506358713,22222885,52.36,1.57611066,1
1506358713,22222883,52.37,3.05092000,1
1506358709,22222880,52.41,9.93500000,0
1506358680,22222831,52.58,1.30943400,0
1506358680,22222830,52.58,1.00000000,0
1506358680,22222829,52.53,1.00000000,0
1506358680,22222828,52.53,0.72540000,0
1506358674,22222805,52.53,14.27460000,0
1506358627,22222769,52.53,0.80316010,0
1506358589,22222675,52.37,19.19465115,0
1506358589,22222674,52.37,3.05092000,0
1506358585,22222659,52.37,11.73706885,1
1506358577,22222648,52.53,1.96385000,0
1506358576,22222640,52.53,3.03316000,1
1506358573,22222627,52.51,1.98207000,0
1506358563,22222596,52.47,3.00868000,0
1506358561,22222589,52.47,3.00868000,0
1506358556,22222585,52.46,91.23690603,1
1506358552,22222582,52.51,2.99729000,0
1506358542,22222566,52.51,2.98591000,0
1506358524,22222473,52.53,1.99999978,1
1506358521,22222470,52.57,0.00140000,1
1506358507,22222451,52.53,2.00000000,0
1506358505,22222445,52.46,8.76309397,1
1506358505,22222444,52.46,1.57281273,1
1506358505,22222442,52.48,1.57221459,1
1506358505,22222440,52.53,12.82737511,1
1506358503,22222437,52.53,1.57450000,1
1506358461,22222393,52.67,1.94271000,0
1506358378,22222344,52.54,30.48200000,1
1506358365,22222334,52.54,99.80000000,1
1506358351,22222322,52.75,2.09041300,0
1506358346,22222313,52.75,39.99999401,0
1506358304,22222278,52.56,3.21360000,1
1506358286,22222255,52.58,7.72260000,1
1506358276,22222240,52.60,2.97510000,1
1506358267,22222237,52.58,7.72860000,1
1506358254,22222224,52.56,66.94190000,1
1506358238,22222212,52.59,3.91220000,1
1506358222,22222198,52.58,93.90200000,1
1506358222,22222197,52.59,4.90000000,1
1506358212,22222186,52.63,5.39920000,1
1506358198,22222176,52.62,5.39920000,1
1506358190,22222169,52.60,99.80000000,1
1506358179,22222162,52.58,5.40920000,1
1506358170,22222157,52.59,94.80712173,1
1506358170,22222156,52.66,0.00287827,1
1506358140,22222119,52.66,1.56390000,1
1506358131,22222090,52.66,0.00007345,1
1506358131,22222088,52.70,0.11972655,1
1506358118,22222060,52.70,5.29870000,1
1506358118,22222059,52.70,37.30190000,1
1506358118,22222058,52.73,0.03400000,1
1506358060,22221978,52.79,28.67260000,1
1506358044,22221971,52.73,16.96600000,1
1506358003,22221943,52.71,14.97000000,1
1506357986,22221928,52.71,8.18360000,1
1506357972,22221921,52.78,49.81020000,1
1506357963,22221917,52.70,20.69260000,1
1506357963,22221916,52.71,6.50000000,1
1506357946,22221903,52.70,42.00550000,1
1506357946,22221902,52.76,7.17000000,1
1506357935,22221890,52.77,0.13880000,1
1506357919,22221884,52.77,69.26320000,1
1506357903,22221867,52.77,13.40729417,1
1506357903,22221866,52.80,1.56270583,1
1506357893,22221840,52.85,0.91340000,1
1506357893,22221839,52.85,0.08660000,1
1506357884,22221833,52.85,38.24540000,1
1506357884,22221832,52.87,0.01000000,1
1506357875,22221829,52.87,4.99000000,1
1506357864,22221798,52.86,63.21810358,1
1506357864,22221797,52.98,0.08109642,1
1506357855,22221793,52.98,40.38610000,1
1506357846,22221792,52.98,79.35310358,1
1506357841,22221784,52.98,0.17970000,1
1506357778,22221761,53.08,3.00678222,0
1506357705,22221727,53.08,34.18538056,0
1506357671,22221710,53.08,1.55533247,0
1506357664,22221707,53.08,23.81537302,0
1506357664,22221706,53.02,0.56565613,0
1506357664,22221705,53.02,1.00000000,0
1506357662,22221703,53.00,8.29405121,0
1506357548,22221559,52.99,1.55797410,0
1506357542,22221552,53.00,281.76288901,0
1506357542,22221550,53.00,125.00000000,0
1506357542,22221549,53.00,16.40030491,0
1506357541,22221548,53.00,2.87161597,0
1506357541,22221547,53.00,0.15000000,0
1506357541,22221546,53.00,26.97838403,0
1506357541,22221545,53.00,6.17878050,0
1506357541,22221544,52.99,7.02000000,0
1506357541,22221542,52.99,9.26000000,0
1506357541,22221541,52.99,20.00000000,0
1506357540,22221540,52.98,0.20000000,0
1506357540,22221539,52.92,1.56859958,0
1506357540,22221538,52.92,0.00600000,0
1506357540,22221537,52.92,2.60342600,0
1506357466,22221491,52.92,0.39057400,0
1506357466,22221490,52.91,0.20942600,0
1506357466,22221489,52.90,2.86304840,0
1506357414,22221441,52.71,3.87700000,1
1506357404,22221430,52.90,24.65060088,0
1506357404,22221429,52.88,17.34939912,0
1506357313,22221337,52.88,0.65060088,0
1506357302,22221330,52.88,2.00000000,0
1506357234,22221261,52.86,0.19997484,1
1506357234,22221260,52.86,6.07247316,1
1506357231,22221255,52.86,15.00000000,0
1506357204,22221216,52.79,68.12234200,0
1506357203,22221215,52.81,49.87765800,0
1506357187,22221197,52.51,0.22692057,1
1506357099,22221122,52.55,27.89590281,1
1506357057,22221092,52.50,5.00000000,1
1506356997,22220996,52.51,61.98734142,0
1506356992,22220988,52.51,11.69373700,0
1506356783,22220780,52.45,1.00000000,0
1506356771,22220773,52.34,20.40718295,1
1506356768,22220770,52.42,1.00000000,0
1506356704,22220696,52.28,6.85400800,1
1506356688,22220659,52.58,0.00000295,1
1506356686,22220655,52.58,0.37718000,1
1506356684,22220645,52.58,20.03000000,0
1506356681,22220639,52.57,30.06655258,0
1506356598,22220593,52.27,1.70087400,0
1506356594,22220587,52.27,38.29912001,0
1506356585,22220575,52.42,17.07190000,0
1506356584,22220574,52.41,1.00000000,0
1506356584,22220573,52.38,1.00000000,0
1506356544,22220490,52.48,38.01467226,1
1506356535,22220478,52.25,119.35755239,1
1506356535,22220476,52.31,114.00000000,1
1506356535,22220474,52.32,38.88000000,1
1506356522,22220462,52.30,14.74909243,1
1506356510,22220433,52.41,25.00000000,1
1506356509,22220432,52.41,13.80842962,1
1506356506,22220428,52.42,25.25090757,1
1506356494,22220408,52.41,6.19157038,1
1506356492,22220400,52.42,143.80842962,1
1506356452,22220355,52.42,1.00000000,1
1506356443,22220346,52.42,0.00004042,0
1506356437,22220342,52.42,3.96460000,0
1506356430,22220339,52.42,10.03490000,0
1506356415,22220318,52.43,20.77000000,0
1506356415,22220317,52.43,4.75000000,1
1506356407,22220312,52.60,50.00000000,1
1506356407,22220311,52.60,50.00000000,1
1506356407,22220309,52.60,26.49950900,1
1506356396,22220295,52.60,5.20000000,1
1506356385,22220287,52.60,3.06150200,1
1506356364,22220236,52.60,2.39000000,1
1506356363,22220231,52.60,1.39210000,1
1506356357,22220218,52.60,11.45688900,1
1506356357,22220216,52.60,50.00000000,1
1506356357,22220215,52.60,3.54311100,1
1506356348,22220203,52.60,46.45688900,1
1506356348,22220202,52.60,50.00000000,1
1506356348,22220201,52.60,50.00000000,1
1506356348,22220200,52.60,50.00000000,1
1506356348,22220199,52.60,47.54311100,1
1506356267,22220122,52.60,2.45688900,1
1506356246,22220103,52.61,48.30995912,1
1506356228,22220066,52.61,1.69004088,1
1506356228,22220063,52.61,11.85522812,1
1506356216,22220047,52.61,0.48045958,1
1506356192,22220023,52.61,37.66431230,1
1506356191,22220022,52.61,22.84733570,1
1506356185,22220012,52.61,27.15266430,1
1506356185,22220011,52.61,10.87012793,1
1506356185,22220009,52.62,1.97720777,1
1506356180,22220008,52.61,39.12987207,1
1506356180,22220007,52.61,29.54752293,1
1506356144,22219979,52.61,2.50847707,1
1506356128,22219959,52.61,17.94400000,1
1506356128,22219958,52.62,22.05600000,1
1506356113,22219943,52.62,27.94400000,1
1506356096,22219913,52.82,50.10261264,0
1506356096,22219911,52.81,119.00000000,1
1506356095,22219908,52.81,20.00000000,0
1506356088,22219903,52.63,49.90000000,1
1506356068,22219872,52.71,0.55490000,1
1506356056,22219862,52.82,4.00023270,0
1506356044,22219852,52.72,6.25150000,1
1506356020,22219846,52.72,9.98000000,1
1506355999,22219824,52.71,93.70030000,1
1506355993,22219823,52.80,21.47360729,1
1506355979,22219809,52.71,0.11880000,1
1506355965,22219800,52.71,59.47890000,1
1506355963,22219799,52.81,23.98062900,0
1506355962,22219798,52.80,6.00000000,0
1506355950,22219785,52.80,0.31731488,1
1506355944,22219775,52.71,16.88020000,1
1506355934,22219763,52.71,99.80000000,1
1506355928,22219756,52.67,4.00000022,1
1506355924,22219751,52.67,20.63870000,1
1506355921,22219742,52.86,23.10102157,0
1506355918,22219740,52.82,5.53371000,0
1506355916,22219739,52.82,5.39345400,0
1506355916,22219738,52.82,102.21425100,0
1506355914,22219736,52.66,49.90000000,1
1506355913,22219732,52.81,38.81965900,0
1506355913,22219731,52.73,14.08000000,0
1506355907,22219724,52.50,75.17103939,0
1506355907,22219723,52.50,50.00000000,0
1506355907,22219722,52.50,50.00000000,0
1506355906,22219721,52.50,63.10975100,0
1506355906,22219720,52.50,10.02899000,0
1506355906,22219719,52.50,9.00692000,0
1506355906,22219718,52.50,50.00000000,0
1506355906,22219717,52.50,50.00000000,0
1506355904,22219716,52.40,80.12092217,1
1506355904,22219715,52.43,1.47000000,1
1506355904,22219714,52.48,3.09877083,1
1506355904,22219713,52.48,12.94030700,1
1506355904,22219712,52.48,2.17000000,1
1506355902,22219711,52.50,15.00000000,0
1506355902,22219709,52.51,7.36000000,1
1506355902,22219708,52.59,1.00000000,1
1506355901,22219707,52.67,90.18400000,1
1506355894,22219676,52.64,6.78640000,1
1506355884,22219673,52.62,36.09570000,1
1506355883,22219672,52.73,12.59555200,0
1506355872,22219667,52.66,81.30000000,1
1506355872,22219665,52.66,18.50000000,1
1506355865,22219658,52.73,90.07980800,0
1506355862,22219654,52.73,14.65351791,0
1506355860,22219650,52.63,8.18360000,1
1506355857,22219643,52.73,2.00000000,0
1506355855,22219641,52.70,13.81619200,0
1506355851,22219640,52.61,14.97000000,1
1506355850,22219639,52.70,46.18380800,0
1506355849,22219637,52.69,20.67084057,0
1506355839,22219630,52.70,50.36921234,1
1506355839,22219629,52.71,17.88908766,1
1506355829,22219622,52.70,75.81810000,1
1506355815,22219600,52.79,30.11089300,0
1506355814,22219599,52.67,0.39230000,1
1506355813,22219597,52.80,14.57466000,0
1506355807,22219586,52.66,1.54733372,0
1506355804,22219583,52.59,21.51020000,1
1506355804,22219582,52.60,1.88000000,1
1506355799,22219579,52.66,6.28521200,0
1506355797,22219578,52.66,26.69888800,0
1506355789,22219571,52.66,99.80000000,1
1506355779,22219550,52.64,14.31940000,1
1506355772,22219536,52.76,1.00000000,1
1506355770,22219531,52.51,10.84720000,1
1506355770,22219530,52.52,1.00000000,1
1506355769,22219529,52.55,1.00000000,1
1506355769,22219528,52.57,1.00000000,1
1506355769,22219527,52.61,15.00000000,1
1506355758,22219503,52.68,0.99800000,1
1506355749,22219487,52.35,83.27000000,1
1506355748,22219486,52.39,2.49000000,1
1506355748,22219485,52.55,2.01000000,1
1506355748,22219483,52.56,1.00000000,1
1506355748,22219482,52.58,10.03000000,1
1506355748,22219481,52.59,1.00000000,1
1506355737,22219465,52.82,4.52270300,0
1506355734,22219455,52.81,21.68000000,0
1506355734,22219453,52.64,12.67460000,1
1506355723,22219425,52.59,29.90018843,1
1506355723,22219423,52.69,15.89500000,1
1506355723,22219422,52.69,53.95600000,1
1506355723,22219421,52.70,0.04881157,1
1506355712,22219402,52.70,24.64970000,1
1506355706,22219397,52.83,9.53000000,0
1506355701,22219385,52.69,14.96486821,1
1506355701,22219384,52.80,0.00513179,1
1506355691,22219359,52.80,2.34730000,1
1506355686,22219348,52.85,1.56062472,0
1506355682,22219340,52.80,34.50000000,1
1506355681,22219338,52.80,12.57480000,1
1506355677,22219327,52.89,13.86802798,1
1506355677,22219324,52.87,12.80000000,0
1506355677,22219323,52.87,9.51000000,1
1506355676,22219322,52.83,0.00078059,0
1506355676,22219321,52.83,0.26450000,0
1506355676,22219320,52.83,1.30584875,0
1506355671,22219308,52.82,1.56298841,0
1506355669,22219304,52.78,1.57276821,0
1506355665,22219300,52.66,17.48200000,1
1506355665,22219299,52.66,82.31800000,1
1506355655,22219279,52.50,25.20990000,1
1506355655,22219278,52.54,9.74000000,1
1506355655,22219276,52.62,15.00000000,1
1506355650,22219274,52.77,0.67300000,0
1506355650,22219273,52.76,0.46288574,0
1506355645,22219261,52.58,10.97800000,1
1506355634,22219228,52.54,10.41234387,1
1506355634,22219226,52.73,0.56565613,1
1506355632,22219218,52.73,1.00000000,0
1506355630,22219210,52.72,3.00000000,0
1506355630,22219209,52.72,2.39128047,0
1506355630,22219208,52.72,1.57461468,0
1506355630,22219204,52.69,1.00000000,0
1506355629,22219203,52.68,15.20000000,0
1506355620,22219169,52.62,1.00000000,0
1506355620,22219168,52.49,7.98400000,1
1506355611,22219126,52.35,19.21030000,1
1506355611,22219125,52.40,7.96000000,1
1506355610,22219124,52.41,17.59300000,1
1506355610,22219123,52.44,15.00000000,1
1506355333,22218682,52.19,12.95760000,1
1506355333,22218681,52.20,40.02800000,1
1506355333,22218680,52.20,14.11300000,1
1506355312,22218663,52.12,20.23240000,1
1506355312,22218662,52.16,1.50000000,1
1506355312,22218661,52.23,7.48000000,1
1506355312,22218659,52.24,15.00000000,1
1506355301,22218652,52.13,14.97000000,1
1506355290,22218649,52.17,52.53710000,1
1506355290,22218648,52.18,8.27000000,1
1506355290,22218647,52.22,15.00000000,1
1506355277,22218627,52.18,51.93800000,1
1506355254,22218595,52.12,0.01800000,1
1506355253,22218594,52.13,15.00000000,1
1506355243,22218592,52.13,9.10170000,1
1506355243,22218591,52.14,15.00000000,1
1506355223,22218544,52.10,9.07490000,1
1506355213,22218537,52.11,0.06690000,1
1506355212,22218536,52.12,15.00000000,1
1506355201,22218515,52.11,10.01320000,1
1506355201,22218514,52.11,38.30000000,1
1506355190,22218497,52.14,14.97000000,1
1506355180,22218466,52.17,14.97000000,1
1506355170,22218446,52.12,11.40309050,1
1506355170,22218445,52.14,3.56690950,1
1506355160,22218427,52.17,3.55990000,1
1506355140,22218391,52.15,3.79840000,1
1506355118,22218375,52.11,16.99325627,1
1506355118,22218374,52.13,5.24789272,1
1506355118,22218373,52.13,1.48035101,1
1506355103,22218355,52.20,1.47710000,1
1506355093,22218347,52.25,1.47710000,1
1506355073,22218319,52.24,14.97000000,1
1506354883,22218114,52.23,5.16167300,0
1506354882,22218113,52.23,27.95802400,0
1506354852,22218086,52.23,7.63131100,0
1506354839,22218081,52.23,59.24899200,0
1506354810,22218066,52.37,1.75730380,0
1506354792,22218046,52.23,23.45000000,1
1506354745,22217975,52.32,2.50471669,1
1506354745,22217974,52.32,0.19584818,1
1506354744,22217966,52.32,2.30886851,1
1506354667,22217839,52.32,2.50647000,0
1506354658,22217829,52.31,5.83791941,1
1506354656,22217827,52.47,16.19000000,0
1506354654,22217822,52.37,23.80993057,0
1506354650,22217821,52.48,16.19006943,1
1506354646,22217817,52.50,54.16208059,1
1506354633,22217780,52.50,9.93051400,1
1506354632,22217777,52.50,4.96524400,1
1506354585,22217719,52.51,19.99999978,0
1506354578,22217710,52.51,10.72481433,1
1506354577,22217709,52.70,0.18644204,0
1506354577,22217708,52.65,34.40067613,0
1506354574,22217707,52.65,0.19432387,1
1506354573,22217680,52.64,0.96758089,0
1506354571,22217677,52.51,59.50000000,1
1506354570,22217675,52.51,0.50000000,1
1506354558,22217647,52.50,36.72091000,1
1506354552,22217641,52.50,5.63268724,1
1506354552,22217640,52.51,12.88000000,1
1506354552,22217639,52.52,38.90231276,1
1506354548,22217631,52.51,1.89462100,0
1506354547,22217630,52.50,3.08360000,1
1506354546,22217628,52.51,3.57001100,1
1506354545,22217623,52.50,7.15205200,1
1506354541,22217619,52.51,15.90000000,1
1506354531,22217603,52.51,9.21860000,1
1506354530,22217595,52.51,60.00000000,1
1506354523,22217571,52.51,1.22736419,1
1506354521,22217564,52.50,1.73160000,1
1506354511,22217533,52.50,2.94721941,1
1506354511,22217532,52.54,0.00078059,1
1506354502,22217520,52.66,2.10119200,1
1506354502,22217519,52.55,19.89880800,0
1506354501,22217518,52.54,0.26450000,1
1506354496,22217508,52.63,1.56859958,0
1506354493,22217499,52.68,23.45368261,0
1506354493,22217498,52.68,21.98101746,0
1506354493,22217497,52.66,1.00000000,0
1506354492,22217496,52.66,0.21119000,0
1506354492,22217495,52.65,0.00051657,0
1506354492,22217493,52.65,1.57620321,0
1506354491,22217492,52.63,1.57708702,0
1506354491,22217491,52.63,9.98000000,1
1506354491,22217489,52.55,1.57967363,0
1506354489,22217487,52.54,0.00000039,0
1506354489,22217485,52.54,0.27404000,0
1506354489,22217483,52.52,3.00000000,0
1506354485,22217475,52.50,228.77588737,0
1506354485,22217474,52.49,2.31000000,0
1506354484,22217472,52.40,1.30580000,1
1506354479,22217466,52.49,6.15956300,0
1506354476,22217463,52.50,60.00000000,0
1506354476,22217462,52.50,32.98300200,0
1506354475,22217460,52.50,131.56699800,0
1506354474,22217459,52.50,158.77900000,0
1506354474,22217458,52.49,2.75000000,0
1506354465,22217453,52.48,2.00000000,0
1506354451,22217442,52.30,5.20960000,1
1506354446,22217439,52.50,4.43001916,0
1506354446,22217438,52.49,5.22000000,0
1506354439,22217426,52.33,79.21830000,1
1506354436,22217420,52.50,47.56000000,0
1506354436,22217419,52.49,2.44000000,0
1506354434,22217417,52.48,0.34998084,0
1506354430,22217415,52.14,5.77000000,1
1506354430,22217414,52.16,3.34000000,1
1506354430,22217413,52.16,16.69000000,1
1506354429,22217412,52.18,1.00000000,1
1506354429,22217411,52.22,71.00000000,1
1506354429,22217410,52.28,1.00000000,1
1506354429,22217409,52.31,1.00000000,1
1506354419,22217392,52.31,19.96000000,1
1506354407,22217381,52.47,1.57276821,0
1506354405,22217374,52.29,68.69940000,1
1506354403,22217373,52.49,39.06762792,0
1506354403,22217372,52.48,3.01000000,0
1506354403,22217371,52.46,1.58237208,0
1506354403,22217370,52.41,16.34000000,0
1506354390,22217359,52.29,99.80000000,1
1506354381,22217352,52.37,24.92158273,1
1506354380,22217351,52.37,0.69860000,1
1506354370,22217309,52.24,58.24178343,1
1506354370,22217307,52.36,0.00051657,1
1506354369,22217306,52.36,1.57620321,1
1506354365,22217293,52.21,1.30584875,1
1506354360,22217277,52.13,0.86930000,1
1506354359,22217270,52.21,1.31597779,0
1506354359,22217268,52.19,14.18904300,0
1506354359,22217267,52.16,16.34000000,0
1506354353,22217262,52.19,28.87805700,0
1506354353,22217261,52.19,14.78194300,0
1506354353,22217260,52.16,16.34000000,0
1506354351,22217251,52.19,28.28515700,0
1506354351,22217250,52.19,43.06710000,0
1506354351,22217248,52.19,43.06710000,0
1506354351,22217247,52.19,43.06710000,0
1506354346,22217241,51.99,49.90000000,1
1506354335,22217233,51.97,1.74677699,1
1506354321,22217224,51.91,60.42990000,1
1506354312,22217214,51.87,14.97000000,1
1506354303,22217180,51.83,11.00000000,1
1506354303,22217176,52.20,19.91353681,1
1506354301,22217169,52.20,23.15360000,1
1506354301,22217168,52.20,4.69528556,1
1506354300,22217166,52.20,52.49000000,1
1506354300,22217165,52.19,176.27800000,0
1506354300,22217162,52.17,1.86000000,0
1506354300,22217161,52.17,9.29000000,0
1506354291,22217142,51.82,84.80000000,1
1506354291,22217141,51.83,15.00000000,1
1506354280,22217130,51.79,26.20260000,1
1506354280,22217129,51.81,0.11370000,1
1506354277,22217128,52.09,9.08274140,1
1506354277,22217126,52.02,11.03000000,0
1506354277,22217125,52.02,1.59557633,0
1506354276,22217121,52.00,1.13135209,0
1506354276,22217120,52.00,3.50405406,0
1506354270,22217111,51.92,11.84393591,0
1506354270,22217107,51.81,56.77430000,1
1506354260,22217087,51.81,14.97000000,1
1506354249,22217046,51.81,99.80000000,1
1506354239,22217028,51.77,99.80000000,1
1506354229,22217012,51.70,37.01000000,1
1506354229,22217011,51.72,14.08000000,1
1506354229,22217010,51.73,15.00000000,1
1506354229,22217009,51.73,33.71000000,1
1506354221,22216997,51.90,5.52900000,0
1506354219,22216995,51.72,26.34480000,1
1506354219,22216994,51.80,47.65000000,1
1506354199,22216971,51.79,2.08590000,1
1506354188,22216952,51.75,29.34000000,1
1506354188,22216951,51.76,14.83000000,1
1506354188,22216950,51.77,15.00000000,1
1506354188,22216949,51.78,35.64000000,1
1506354177,22216921,51.77,16.34730000,1
1506354167,22216896,51.78,68.86200000,1
1506354155,22216874,51.68,29.23942367,1
1506354155,22216872,51.72,1.59557633,1
1506354155,22216871,51.75,18.11000000,1
1506354155,22216870,51.76,50.85500000,1
1506354145,22216828,51.69,15.00600000,1
1506354135,22216791,51.72,15.99470000,1
1506354135,22216790,51.74,34.58400000,1
1506354090,22216740,51.70,0.00000023,0
1506354089,22216739,51.70,9.08975300,0
1506354066,22216718,51.70,136.92000000,0
1506354057,22216693,51.70,5.00000000,0
1506354046,22216685,51.70,1.00000000,0
1506354045,22216684,51.70,219.00000000,0
1506354044,22216683,51.70,39.00000000,0
1506354023,22216663,51.70,13.27232800,0
1506353994,22216623,51.70,172.63900000,0
1506353994,22216622,51.69,2.04000000,0
1506353977,22216613,51.70,85.46551900,0
1506353976,22216612,51.70,35.90169337,0
1506353976,22216611,51.69,2.24000000,0
1506353950,22216567,51.57,1.99900000,0
1506353944,22216563,51.58,1.00000000,1
1506353944,22216562,51.60,1.00000000,1
1506353787,22216314,51.68,2.80000000,0
1506353785,22216308,51.48,75.00000000,1
1506353785,22216306,51.51,125.00000000,1
1506353705,22216207,51.50,1.57882778,0
1506353670,22216093,51.70,11.18301300,0
1506353670,22216092,51.69,8.69000000,0
1506353661,22216013,51.70,40.57654739,0
1506353661,22216012,51.69,10.33000000,0
1506353661,22216011,51.68,67.05089961,0
1506353447,22215724,51.42,118.19419114,0
1506353447,22215723,51.42,15.00000000,0
1506353447,22215722,51.43,118.00000000,0
1506353445,22215719,51.45,5.52900000,1
1506353358,22215597,51.78,37.21318037,0
1506353266,22215491,51.73,6.85115020,0
1506353249,22215407,51.59,7.49000000,1
1506353177,22215313,51.56,3.56000000,1
1506353136,22215235,51.45,19.58169337,0
1506353135,22215232,51.45,15.00000000,0
1506353031,22215094,51.70,31.27417554,1
1506352946,22214944,51.70,3.45734400,1
1506352935,22214926,51.70,19.00000000,1
1506352924,22214912,51.70,4.66289600,1
1506352915,22214899,51.70,30.11086000,1
1506352884,22214819,51.71,15.10073777,0
1506352855,22214785,51.70,24.89926223,1
1506352851,22214784,51.70,5.16000000,1
1506352847,22214783,51.70,24.89926223,1
1506352807,22214751,51.71,0.23729400,1
1506352804,22214750,51.70,0.53620000,1
1506352785,22214734,51.71,3.66390300,1
1506352764,22214714,51.73,30.13100000,1
1506352673,22214620,51.87,19.45050000,0
1506352638,22214582,51.57,13.52580177,1
1506352638,22214580,51.59,1.16000000,1
1506352638,22214579,51.60,5.79000000,1
1506352638,22214578,51.64,15.00000000,1
1506352624,22214541,51.88,13.81799500,0
1506352624,22214539,51.83,9.13673000,0
1506352623,22214529,51.88,1.68800000,1
1506352622,22214527,51.88,14.65200000,1
1506352598,22214463,51.79,13.81799500,1
1506352516,22214331,52.18,111.13955030,0
1506352516,22214330,52.17,162.41800000,0
1506352516,22214329,52.14,1.67000000,0
1506352516,22214328,52.13,23.53700000,0
1506352516,22214327,52.02,1.23544970,0
1506352505,22214311,52.02,7.11455030,0
1506352498,22214291,52.16,151.18000000,0
1506352498,22214290,52.15,139.00000000,0
1506352497,22214289,52.07,9.82000000,0
1506352436,22214209,51.85,2.80000000,1
1506352433,22214183,51.75,36.91989961,1
1506352433,22214181,51.92,0.00000039,1
1506352423,22214175,52.06,17.87150503,1
1506352422,22214174,52.06,9.64000000,1
1506352421,22214173,52.06,15.00000000,1
1506352420,22214172,52.06,7.00000000,1
1506352413,22214167,51.99,1.93754600,1
1506352405,22214157,51.99,2.49978800,1
1506352405,22214156,52.14,29.64636896,0
1506352396,22214147,51.99,89.86108100,1
1506352396,22214146,52.06,4.43733400,1
1506352391,22214143,52.06,6.62695000,1
1506352391,22214142,52.06,2.49838700,1
1506352387,22214141,52.06,1.25553000,1
1506352387,22214140,52.06,1.25279200,1
1506352386,22214139,52.06,1.92901200,1
1506352385,22214138,52.06,1.99999500,1
1506352376,22214134,51.99,1.92901300,1
1506352374,22214128,51.99,3.77257200,1
1506352371,22214123,51.98,7.50000000,1
1506352356,22214097,51.93,7.00000000,1
1506352313,22214063,51.92,0.27404000,1
1506352311,22214059,51.92,1.31597779,0
1506352306,22214051,51.92,0.36402221,0
1506352299,22214046,52.00,89.63540095,0
1506352299,22214045,52.00,9.19800000,0
1506352299,22214044,51.95,0.42000000,0
1506352299,22214043,51.95,2.08000000,0
1506352299,22214042,51.90,157.76100000,0
1506352299,22214041,51.85,1.60087353,0
1506352299,22214040,51.84,17.48934700,0
1506352288,22214023,51.66,46.39902950,0
1506352287,22214021,51.66,4.02718400,0
1506352285,22214003,51.66,7.65954300,0
1506352283,22213998,51.66,1.60000000,0
1506352279,22213990,51.66,0.26349750,0
1506352272,22213963,51.60,15.57511000,1
1506352271,22213962,51.61,5.35000000,1
1506352264,22213953,51.66,1.85891100,0
1506352254,22213937,51.60,3.84911000,1
1506352243,22213908,51.60,1.87326000,1
1506352229,22213890,51.61,15.48934700,1
1506352227,22213885,51.59,50.00000000,0
1506352227,22213883,51.58,43.04730517,0
1506352227,22213882,51.57,1.31090500,0
1506352207,22213863,51.48,10.47355200,1
1506352207,22213862,51.49,1.62795600,1
1506352206,22213861,51.49,0.97204400,1
1506352199,22213853,51.48,4.46000000,1
1506352198,22213850,51.48,15.57812600,1
1506352195,22213845,51.49,2.00000000,1
1506352172,22213804,51.58,6.95269483,0
1506352172,22213803,51.58,15.73652579,0
1506352171,22213796,51.57,64.45300000,0
1506352162,22213773,51.58,34.26347421,0
1506352162,22213772,51.58,50.00000000,0
1506352162,22213770,51.58,50.00000000,0
1506352162,22213768,51.57,28.90100000,1
1506352161,22213764,51.57,1.42000000,1
1506352158,22213756,51.47,128.09736000,1
1506352155,22213753,51.47,166.50500000,0
1506352128,22213688,51.50,155.06174757,1
1506352127,22213687,51.49,3.68577360,1
1506352127,22213683,51.49,35.18246927,0
1506352106,22213662,51.45,15.52886297,0
1506352099,22213660,51.47,20.27064309,0
1506352099,22213659,51.46,2.01000000,0
1506352097,22213656,51.45,45.65000000,0
1506352088,22213645,51.43,19.41862726,0
1506352082,22213634,51.28,0.30520316,1
1506352065,22213610,51.25,33.66000000,0
1506352065,22213609,51.27,16.34000000,1
1506352062,22213600,51.28,19.99422205,0
1506352047,22213587,51.28,4.24781386,0
1506352044,22213579,51.28,0.70342800,0
1506352027,22213559,51.28,0.93810210,1
1506351995,22213489,51.27,0.93875891,1
1506351984,22213456,51.28,0.70533192,0
1506351982,22213447,51.55,1.60087353,0
1506351979,22213442,51.25,100.00000000,1
1506351979,22213440,51.25,4.45000000,1
1506351976,22213420,51.67,91.65589316,1
1506351976,22213417,51.65,2.85000000,1
1506351975,22213414,51.59,0.60898553,0
1506351975,22213413,51.59,1.00000000,0
1506351974,22213411,51.56,85.08900000,0
1506351974,22213409,51.55,2.85000000,0
1506351973,22213403,51.53,3.42439026,1
1506351965,22213392,51.27,20.45081967,1
1506351900,22213257,51.25,0.80008000,1
1506351895,22213253,51.27,1.37925445,0
1506351893,22213250,51.31,0.60898553,1
1506351888,22213243,51.31,1.00000000,1
1506351884,22213242,51.32,0.65428754,0
1506351868,22213216,51.32,15.30200000,1
1506351843,22213185,51.59,7.47489823,1
1506351843,22213184,51.58,21.93461246,1
1506351841,22213180,51.56,121.30400000,0
1506351807,22213111,51.50,5.00000000,0
1506351800,22213092,51.36,2.83820900,1
1506351773,22213023,51.39,21.93461246,1
1506351762,22212998,51.60,0.68034700,1
1506351760,22212990,51.61,17.10910000,0
1506351757,22212979,51.60,4.31965300,1
1506351730,22212883,51.77,0.04180000,0
1506351730,22212881,51.76,59.66100000,0
1506351708,22212813,51.85,59.70280000,0
1506351642,22212692,51.92,1.00000000,0
1506351607,22212618,51.98,4.30569000,0
1506351587,22212561,51.73,25.00000000,1
1506351577,22212537,51.83,15.00000000,0
1506351575,22212533,52.02,56.03161538,0
1506351575,22212532,52.00,16.57538462,0
1506351575,22212530,51.98,27.39300000,0
1506351555,22212498,52.00,3.42461538,0
1506351554,22212492,51.88,40.00000000,1
1506351491,22212370,51.86,20.00000000,1
1506351432,22212278,52.00,0.36000000,1
1506351430,22212277,52.00,9.64000000,1
1506351366,22212217,52.07,27.77000000,0
1506351355,22212193,52.00,30.00000000,1
1506351343,22212181,52.03,11.25534189,1
1506351333,22212171,52.03,1.00000000,1
1506351330,22212169,52.03,5.87200000,1
1506351328,22212168,52.03,1.25000000,1
1506351327,22212166,52.03,1.60000000,1
1506351324,22212164,52.03,0.80000000,1
1506351305,22212149,52.04,9.98000000,1
1506351303,22212147,52.24,30.88112557,1
1506351303,22212146,52.23,5.67000000,1
1506351303,22212145,52.23,1.00000000,0
1506351303,22212143,52.22,1.00000000,0
1506351302,22212141,52.19,1.00000000,0
1506351302,22212140,52.19,6.85609600,1
1506351300,22212137,52.15,39.62200000,0
1506351274,22212115,52.14,1.00000000,0
1506351273,22212113,52.12,2.41912076,0
1506351269,22212107,51.96,5.17470000,1
1506351269,22212106,51.96,1.65570000,1
1506351256,22212082,51.96,10.55260000,1
1506351256,22212081,51.96,4.41740000,1
1506351251,22212048,51.96,2.40570000,1
1506351240,22212019,51.96,5.38520000,1
1506351240,22212017,51.98,12.20830000,1
1506351240,22212015,51.98,12.20830000,1
1506351239,22212014,51.98,12.20830000,1
1506351239,22212013,51.98,12.20830000,1
1506351228,22211999,51.80,12.17833603,1
1506351228,22211998,51.80,2.79166397,1
1506351228,22211997,51.80,11.20833603,0
1506351227,22211994,51.80,1.00000000,0
1506351226,22211988,51.80,1.00000000,0
1506351226,22211987,51.80,126.61209845,1
1506351226,22211986,51.83,144.00000000,1
1506351226,22211985,51.84,2.51000000,1
1506351226,22211984,51.88,144.00000000,1
1506351226,22211982,51.90,114.00000000,1
1506351226,22211980,51.92,12.54000000,1
1506351225,22211979,51.94,1.00000000,1
1506351225,22211978,51.97,1.00000000,1
1506351225,22211977,51.99,144.00000000,1
1506351225,22211976,52.00,15.00000000,1
1506351218,22211962,52.02,0.99800000,1
1506351208,22211937,52.01,0.99800000,1
1506351138,22211847,52.04,3.69700000,1
1506351101,22211738,51.98,14.96600000,1
1506351100,22211737,51.97,3.15678047,1
1506351100,22211736,52.43,16.84321953,1
1506351100,22211735,52.37,1.00000000,0
1506351099,22211734,52.36,1.28000000,0
1506351099,22211733,52.34,1.00000000,0
1506351099,22211731,52.33,142.00000000,0
1506351099,22211729,52.27,6.40000000,0
1506351098,22211727,52.26,130.00000000,1
1506351098,22211726,52.26,15.00000000,0
1506351098,22211724,52.22,4.65586200,0
1506351097,22211721,52.19,2.41500020,1
1506351097,22211720,52.19,73.93000000,0
1506351091,22211710,51.98,66.88700000,1
1506351080,22211668,52.00,10.00000000,0
1506351076,22211659,51.98,28.69160000,1
1506351037,22211577,51.90,12.33000000,0
1506351035,22211574,51.91,1.00000000,1
1506351035,22211573,51.94,11.67000000,1
1506351031,22211567,52.15,1.58237208,0
1506351025,22211550,51.96,45.23840000,1
1506351023,22211543,52.50,85.90509347,0
1506351022,22211542,52.40,131.00000000,0
1506351022,22211541,52.33,0.33625681,0
1506351022,22211540,52.33,0.25000000,0
1506351022,22211538,52.33,1.00000000,0
1506351022,22211537,52.32,3.00000000,0
1506351022,22211536,52.28,10.00000000,0
1506351022,22211535,52.27,2.04000000,0
1506351022,22211534,52.24,1.58884372,0
1506351022,22211533,52.20,11.00000000,0
1506351021,22211532,52.19,10.22000000,0
1506351021,22211531,52.18,24.16000000,0
1506351021,22211530,52.16,19.49980600,0
1506351015,22211525,51.93,37.16560000,1
1506351005,22211513,51.87,23.90691092,1
1506351005,22211512,52.00,0.02018908,1
1506351003,22211507,52.16,27.96060500,0
1506351003,22211506,52.16,14.68052700,1
1506351003,22211505,52.15,12.14000000,0
1506351001,22211504,52.14,20.21886800,0
1506350995,22211494,52.00,10.14870000,1
1506350994,22211490,52.16,60.96299846,0
1506350994,22211486,52.15,112.00000000,1
1506350994,22211484,52.15,14.42000000,0
1506350994,22211482,52.12,3.00000000,0
1506350993,22211480,52.09,0.00767047,0
1506350993,22211479,52.09,0.97210000,0
1506350985,22211461,52.00,14.44110000,1
1506350984,22211459,52.00,10.00000000,1
1506350984,22211458,52.00,13.59710000,1
1506350983,22211455,52.00,459.75000000,1
1506350983,22211454,52.00,1.97947400,1
1506350980,22211453,52.00,4.65586200,1
1506350978,22211442,52.07,1.84000000,0
1506350977,22211438,52.00,0.65022700,1
1506350975,22211430,52.00,51.09000000,1
1506350974,22211429,52.01,8.79000000,1
1506350972,22211423,52.00,1.00000000,1
1506350968,22211414,52.08,94.55088326,0
1506350967,22211412,52.00,73.98778240,1
1506350966,22211409,51.98,15.48000000,0
1506350966,22211407,51.96,61.07000000,0
1506350963,22211400,51.84,2.00000000,0
1506350951,22211363,51.80,15.00000000,0
1506350942,22211322,51.68,14.97000000,1
1506350932,22211283,51.59,14.94000000,1
1506350932,22211282,51.61,15.00000000,1
1506350919,22211253,51.52,49.90000000,1
1506350905,22211231,51.47,14.97000000,1
1506350898,22211211,51.52,41.26361760,0
1506350897,22211210,51.55,120.41200000,1
1506350897,22211209,51.56,10.18000000,1
1506350897,22211208,51.58,26.46000000,1
1506350897,22211205,51.58,73.98778240,1
1506350895,22211194,51.60,59.88000000,1
1506350884,22211151,51.56,1.09000000,1
1506350874,22211135,51.57,14.97000000,1
1506350872,22211129,51.80,26.34847441,1
1506350871,22211128,51.80,73.65152559,0
1506350864,22211116,51.55,59.88000000,1
1506350854,22211101,51.56,14.97000000,1
1506350839,22211082,51.56,14.97000000,1
1506350828,22211070,51.54,14.97000000,1
1506350818,22211045,51.52,14.97000000,1
1506350780,22210973,51.63,2.00000000,0
1506350779,22210970,51.41,0.82840000,1
1506350769,22210950,51.39,77.93580000,1
1506350769,22210948,51.40,15.00000000,1
1506350756,22210915,51.38,14.93956451,1
1506350756,22210914,51.42,0.03043549,1
1506350745,22210895,51.42,15.09980000,1
1506350736,22210871,51.42,49.93690000,1
1506350736,22210869,51.43,15.00000000,1
1506350725,22210828,51.42,5.48000000,1
1506350725,22210825,51.43,9.49000000,1
1506350715,22210779,51.44,9.47110000,1
1506350708,22210768,51.42,49.74294552,1
1506350708,22210767,51.43,15.00000000,1
1506350708,22210766,51.43,77.11500000,1
1506350704,22210754,51.42,29.63170000,1
1506350702,22210747,51.42,274.30881727,1
1506350702,22210746,51.55,29.69118273,1
1506350695,22210726,51.55,15.59000000,1
1506350694,22210714,51.55,27.18460000,1
1506350684,22210687,51.50,6.35130000,1
1506350673,22210659,51.53,1.79640000,1
1506350663,22210622,51.52,41.78630000,1
1506350663,22210621,51.54,9.01000000,1
1506350661,22210617,51.66,153.08800000,1
1506350652,22210607,51.66,45.91400000,1
1506350640,22210586,51.66,0.99800000,1
1506350632,22210574,51.85,14.09000000,0
1506350630,22210567,51.69,0.66870000,1
1506350617,22210540,51.69,6.34530000,1
1506350605,22210499,51.67,5.00075732,1
1506350605,22210498,51.68,15.00000000,1
1506350603,22210491,51.67,2.20000000,1
1506350603,22210490,51.68,2.79000000,1
1506350595,22210438,51.84,7.02913941,0
1506350594,22210437,51.83,2.78013300,1
1506350592,22210428,51.83,0.58490000,1
1506350585,22210413,51.83,19.69789600,1
1506350583,22210406,51.83,9.61125100,1
1506350582,22210399,51.83,17.32582000,1
1506350582,22210398,51.83,2.28688000,1
1506350575,22210392,51.83,5.23199515,1
1506350571,22210382,51.83,0.99610000,1
1506350570,22210381,51.83,16.71300000,1
1506350569,22210380,51.83,0.15430200,1
1506350569,22210377,51.83,1.69650900,1
1506350568,22210375,51.83,13.07149585,1
1506350565,22210365,51.84,6.89240527,0
1506350561,22210355,51.83,1.79640000,1
1506350560,22210351,51.83,6.37111500,1
1506350559,22210349,51.83,1.68220300,1
1506350557,22210343,51.84,21.84245532,1
1506350555,22210339,51.84,28.15754468,1
1506350555,22210338,51.84,28.29943432,1
1506350553,22210333,51.84,14.57323868,1
1506350551,22210327,51.84,7.12732700,1
1506350551,22210325,51.84,2.75287300,1
1506350547,22210318,51.84,17.70400400,1
1506350546,22210315,51.84,17.51514600,1
1506350545,22210313,51.84,0.25000000,1
1506350545,22210311,51.84,7.72200000,1
1506350542,22210306,51.84,1.23602100,1
1506350541,22210304,51.84,2.81995600,1
1506350541,22210303,51.84,0.58353500,1
1506350540,22210300,51.84,49.41646500,1
1506350540,22210299,51.84,10.46353500,1
1506350540,22210298,51.84,39.53646500,1
1506350539,22210297,51.85,50.00000000,1
1506350539,22210296,51.85,48.01290000,1
1506350532,22210274,51.86,40.00000000,0
1506350529,22210271,51.85,0.64870000,1
1506350519,22210243,51.85,0.83840000,1
1506350511,22210223,51.85,0.50000000,1
1506350509,22210210,51.86,16.21838878,1
1506350509,22210209,51.86,7.03311122,1
1506350499,22210167,51.86,42.96688878,1
1506350499,22210166,51.86,50.00000000,1
1506350499,22210165,51.86,6.83311122,1
1506350489,22210138,51.86,43.16688878,1
1506350489,22210137,51.86,50.00000000,1
1506350489,22210136,51.86,6.63311122,1
1506350488,22210135,51.86,43.36688878,1
1506350488,22210134,51.86,28.84021288,1
1506350485,22210124,52.05,2.01210374,0
1506350483,22210121,51.86,21.15978712,1
1506350483,22210120,51.88,0.00002409,1
1506350483,22210119,51.89,18.84000000,1
1506350481,22210116,52.06,18.77737226,1
1506350479,22210112,51.88,0.18070000,1
1506350469,22210063,51.88,49.81927591,1
1506350469,22210062,51.88,40.36302409,1
1506350466,22210057,52.07,2.95731121,0
1506350466,22210056,52.07,4.24250000,0
1506350465,22210055,52.00,32.80000000,0
1506350458,22210046,51.88,1.88717791,1
1506350458,22210045,51.89,13.08282209,1
1506350455,22210038,51.89,1.91717791,1
1506350449,22210028,51.88,7.74979800,1
1506350449,22210027,51.88,50.00000000,1
1506350448,22210026,51.88,27.05020200,1
1506350448,22210025,51.89,15.00000000,1
1506350445,22210009,52.06,30.57469302,0
1506350444,22210003,52.06,9.42530698,0
1506350438,22209980,51.89,4.88600000,1
1506350428,22209953,52.07,7.66660265,0
1506350424,22209937,52.07,32.57000000,0
1506350424,22209936,51.98,1.24000000,0
1506350423,22209935,51.98,6.19000000,0
1506350415,22209913,51.65,22.94979800,0
1506350415,22209912,51.65,50.00000000,0
1506350415,22209909,51.62,1.00800000,1
1506350414,22209905,51.65,25.34800000,0
1506350414,22209902,51.65,50.00000000,0
1506350414,22209900,51.65,50.00000000,0
1506350412,22209898,51.65,17.26778200,0
1506350412,22209897,51.65,24.17489500,0
1506350411,22209893,51.69,135.80630000,1
1506350411,22209892,51.71,19.78000000,1
1506350411,22209890,51.72,24.16993100,1
1506350411,22209889,51.72,147.39600000,1
1506350411,22209888,51.72,17.26325800,1
1506350411,22209886,51.73,60.88000000,1
1506350405,22209873,52.06,0.37822798,0
1506350403,22209860,52.07,11.37177202,0
1506350402,22209859,52.03,0.77000000,0
1506350402,22209857,52.01,3.85000000,0
1506350402,22209856,51.98,23.63000000,0
1506350399,22209849,51.69,37.09570000,1
1506350389,22209821,51.63,19.19350300,1
1506350388,22209820,51.67,17.55289700,1
1506350388,22209813,52.06,0.37822798,0
1506350386,22209809,51.99,0.33625681,1
1506350386,22209807,51.99,0.25000000,1
1506350385,22209806,51.92,1.00000000,0
1506350383,22209802,52.07,11.81093670,0
1506350383,22209801,52.04,0.00000006,0
1506350382,22209800,52.04,1.59517752,0
1506350382,22209799,52.01,0.97000000,0
1506350382,22209798,51.96,1.00000000,0
1506350382,22209797,51.87,11.66803542,0
1506350378,22209791,51.62,74.83546400,1
1506350378,22209790,51.63,24.96453600,1
1506350377,22209788,51.86,2.94636444,1
1506350376,22209779,51.87,1.58884372,0
1506350375,22209778,51.86,0.75000000,1
1506350368,22209755,51.87,25.79500000,1
1506350367,22209753,51.50,24.06018448,1
1506350366,22209752,51.51,1.00000000,1
1506350366,22209750,51.54,1.00000000,1
1506350366,22209749,52.04,73.73981552,1
1506350366,22209748,52.01,1.59587927,0
1506350365,22209745,52.00,10.00000000,0
1506350365,22209743,52.00,20.00000000,0
1506350365,22209742,52.00,7.00000000,0
1506350365,22209741,52.00,15.00000000,0
1506350365,22209739,52.00,2.00000000,0
1506350365,22209738,52.00,53.39672392,0
1506350365,22209737,52.00,1.00000000,0
1506350364,22209736,51.99,152.59500000,1
1506350364,22209735,51.99,20.00000000,0
1506350364,22209732,51.96,16.34000000,0
1506350364,22209731,51.96,11.20334231,1
1506350363,22209730,51.92,0.32000000,0
1506350363,22209729,51.88,0.99898240,0
1506350359,22209718,51.88,1.04177938,0
1506350355,22209707,51.55,25.09431095,1
1506350355,22209705,51.56,13.76888905,1
1506350354,22209701,51.88,30.64211200,1
1506350353,22209698,51.88,2.04076178,1
1506350352,22209693,51.88,1.58000000,1
1506350348,22209678,51.88,1.05911638,1
1506350347,22209672,51.98,46.01673720,0
1506350347,22209671,51.93,50.00000000,0
1506350346,22209668,51.92,134.00000000,1
1506350346,22209667,51.92,0.39000000,0
1506350346,22209665,51.89,50.00000000,0
1506350345,22209664,51.88,1.96000000,0
1506350345,22209662,51.87,0.00000079,0
1506350345,22209660,51.87,99.80000000,1
1506350343,22209654,51.75,1.59517752,0
1506350343,22209653,51.75,1.09517746,0
1506350335,22209631,51.48,24.01190000,1
1506350334,22209628,51.75,0.00000006,1
1506350334,22209627,51.80,0.50000000,1
1506350333,22209623,51.87,28.90022921,1
1506350331,22209614,51.87,2.33088174,1
1506350331,22209612,51.87,15.00000000,0
1506350331,22209610,51.86,13.76888905,0
1506350329,22209599,51.75,1.59517752,1
1506350325,22209586,51.75,11.75000000,0
1506350324,22209585,51.45,39.58110665,1
1506350324,22209583,51.46,60.21889335,1
1506350323,22209576,51.98,63.45171219,1
1506350323,22209575,51.96,0.46994073,0
1506350322,22209574,51.96,132.00000000,1
1506350322,22209573,51.96,4.65985078,1
1506350322,22209570,51.94,1.59803168,0
1506350322,22209568,51.92,0.13011000,0
1506350321,22209567,51.92,2.86989000,0
1506350321,22209562,51.90,8.10734870,0
1506350320,22209559,51.88,0.12000000,0
1506350320,22209557,51.88,1.00000000,1
1506350320,22209555,51.86,1.60056316,0
1506350320,22209554,51.85,2.85000000,0
1506350320,22209553,51.85,4.65926333,1
1506350319,22209550,51.84,0.57000000,0
1506350319,22209546,51.83,1.00000000,0
1506350318,22209543,51.77,11.75000000,1
1506350318,22209538,51.77,3.32000000,0
1506350312,22209524,51.45,11.72650000,1
1506350307,22209493,51.75,26.84587927,0
1506350307,22209491,51.72,1.40412073,0
1506350305,22209477,51.72,1.59587927,0
1506350302,22209465,51.50,11.72650000,1
1506350298,22209431,51.70,7.80309478,1
1506350298,22209427,51.70,25.00000000,0
1506350294,22209404,51.48,0.25000000,0
1506350291,22209385,51.44,8.46970000,1
1506350291,22209383,51.60,11.66000000,1
1506350291,22209382,51.60,16.34000000,0
1506350290,22209376,51.64,1.59803168,0
1506350286,22209320,51.43,3.31697636,1
1506350285,22209318,51.52,15.00000000,1
1506350285,22209315,51.64,0.80506828,1
1506350284,22209281,51.61,0.19493172,0
1506350281,22209258,51.46,29.62800000,1
1506350271,22209157,51.51,12.00000000,1
1506350267,22209113,51.43,4.61880000,1
1506350263,22209073,51.61,3.61984111,1
1506350263,22209071,51.60,1.00000000,0
1506350262,22209055,51.52,14.73943684,0
1506350261,22209052,51.58,1.60056316,1
1506350258,22209025,51.60,36.85426356,1
1506350258,22209020,51.53,1.00000000,0
1506350258,22209018,51.53,1.60871953,0
1506350258,22209016,51.52,3.00000000,0
1506350257,22209014,51.51,1.00000000,0
1506350257,22209012,51.47,0.90000000,0
1506350257,22209006,51.42,14.97000000,1
1506350255,22208983,51.40,1.61496572,0
1506350255,22208978,51.38,50.00000000,0
1506350255,22208974,51.37,4.84000000,0
1506350255,22208969,51.36,4.34443600,0
1506350247,22208872,51.36,0.15556400,0
1506350245,22208855,51.32,0.19493172,0
1506350244,22208844,51.15,0.85830000,1
1506350243,22208829,51.32,2.80506828,0
1506350243,22208827,51.29,1.42350972,0
1506350240,22208810,51.29,0.19493200,0
1506350236,22208785,51.26,0.00000030,0
1506350235,22208767,51.16,4.99000000,1
1506350227,22208714,51.26,1.61936800,0
1506350227,22208712,51.25,0.50000000,0
1506350223,22208688,51.20,1.00000000,0
1506350220,22208678,51.11,0.88503428,0
1506350220,22208675,51.11,1.61496572,0
1506350219,22208661,51.17,1.00000000,0
1506350219,22208660,51.12,3.00000000,0
1506350215,22208634,51.00,1.62771546,0
1506350215,22208633,51.00,9.95365764,0
1506350215,22208632,51.00,1.03597499,0
1506350215,22208630,51.00,5.00000000,0
1506350215,22208629,51.00,241.65612328,0
1506350211,22208609,50.95,2.11003210,1
1506350210,22208608,50.99,10.76520000,1
1506350210,22208603,50.99,21.23800000,1
1506350210,22208602,50.99,21.23800000,1
1506350210,22208596,50.99,21.23800000,1
1506350210,22208593,50.99,7.29276790,1
1506350210,22208587,51.00,41.34662600,0
1506350210,22208585,51.00,60.00000000,0
1506350209,22208584,51.00,171.83600000,0
1506350208,22208582,51.00,41.14176500,0
1506350208,22208581,51.00,7.29239900,0
1506350206,22208572,50.99,2.97000000,1
1506350206,22208560,51.00,33.46277800,0
1506350205,22208557,51.00,18.06592200,0
1506350205,22208545,51.00,1.61844172,0
1506350204,22208534,51.00,39.92553300,0
1506350203,22208533,51.00,60.48341200,0
1506350203,22208531,50.99,0.21000000,1
1506350202,22208525,51.00,33.17100000,0
1506350202,22208524,51.00,2.50000000,0
1506350201,22208516,50.99,4.56000000,0
1506350200,22208511,50.99,0.79805040,0
1506350200,22208510,50.99,0.83000000,0
1506350200,22208508,50.98,4.57718170,0
1506350200,22208503,50.88,85.25000000,1
1506350200,22208502,50.89,14.75000000,1
1506350199,22208495,50.89,0.25000000,1
1506350198,22208490,50.98,16.66086100,0
1506350195,22208452,50.98,1.61936830,0
1506350193,22208438,50.98,6.04361200,0
1506350192,22208430,50.98,21.09897700,0
1506350190,22208412,50.87,36.07191461,1
1506350190,22208409,50.93,1.70008539,1
1506350190,22208407,50.93,1.62991461,0
1506350189,22208406,50.92,6.67000000,0
1506350189,22208404,50.92,3.00000000,0
1506350185,22208377,50.84,15.15110000,1
1506350184,22208374,50.84,91.33968430,0
1506350184,22208370,50.84,50.22846000,0
1506350182,22208352,50.84,13.07145500,0
1506350179,22208343,50.82,0.99525287,1
1506350178,22208342,50.82,37.04974713,1
1506350178,22208341,50.84,25.18600000,0
1506350177,22208332,50.84,31.42900900,0
1506350177,22208330,50.84,1.62453300,0
1506350176,22208327,50.84,74.84771000,0
1506350176,22208326,50.83,0.66148700,0
1506350175,22208317,50.83,60.03200000,0
1506350170,22208294,50.82,0.25600000,1
1506350169,22208289,50.61,3.34646700,1
1506350169,22208287,50.61,7.71000000,1
1506350169,22208285,50.82,1.62453300,1
1506350169,22208282,50.83,4.50000000,1
1506350167,22208272,50.84,13.74114870,0
1506350162,22208247,50.83,58.33000000,0
1506350161,22208245,50.83,6.18555700,0
1506350160,22208243,50.83,0.29444300,0
1506350160,22208242,50.80,1.50000000,0
1506350158,22208236,50.74,15.00000000,1
1506350156,22208228,50.80,3.00000000,0
1506350150,22208177,50.80,1.50000000,0
1506350148,22208165,50.79,3.98833000,0
1506350134,22208126,50.70,1.81513600,0
1506350126,22208116,50.41,5.18000000,1
1506350126,22208115,50.50,1.00000000,1
1506350126,22208114,50.51,6.82000000,1
1506350126,22208112,50.52,1.00000000,1
1506350126,22208111,50.55,1.00000000,1
1506350112,22208075,50.54,4.99000000,1
1506350102,22208044,50.59,14.01803000,1
1506350102,22208043,50.71,0.95197000,1
1506350091,22208031,50.58,53.44400000,1
1506350082,22208007,50.71,9.73218300,0
1506350081,22208002,50.56,15.00000000,1
1506350071,22207986,50.61,15.00000000,1
1506350059,22207967,50.50,78.46000000,1
1506350059,22207966,50.52,1.54000000,1
1506350059,22207965,50.55,5.00000000,1
1506350059,22207963,50.59,15.00000000,1
1506350052,22207941,50.62,0.21000000,1
1506350049,22207939,50.61,7.32000000,1
1506350049,22207938,50.62,7.68000000,1
1506350039,22207925,50.63,9.98000000,1
1506350035,22207923,50.72,3.00000000,0
1506350028,22207916,50.61,15.47800000,1
1506350028,22207914,50.63,5.00000000,1
1506350028,22207913,50.64,8.49000000,1
1506350027,22207912,50.68,39.02000000,1
1506350024,22207909,50.66,0.25000000,1
1506350013,22207898,50.62,0.99610000,1
1506350010,22207894,50.62,2.99930000,1
1506350003,22207890,50.63,6.00000000,1
1506349999,22207885,50.62,0.52940000,1
1506349994,22207878,50.69,1.34565873,0
1506349993,22207876,50.60,73.84010000,1
1506349984,22207860,50.55,3.96710000,1
1506349978,22207854,50.69,528.93790000,0
1506349978,22207853,50.60,1.06210000,0
1506349972,22207839,50.60,1.05990000,1
1506349962,22207817,50.52,4.99000000,1
1506349960,22207814,50.68,1.62771546,0
1506349955,22207801,50.69,24.71644127,0
1506349955,22207799,50.68,2.74000000,0
1506349955,22207798,50.67,0.50000000,0
1506349955,22207796,50.67,1.63836173,0
1506349952,22207791,50.60,5.56900000,1
1506349951,22207789,50.60,206.67379200,0
1506349950,22207787,50.60,1.74972100,0
1506349949,22207786,50.60,7.05101500,0
1506349948,22207779,50.60,2.47387700,0
1506349947,22207777,50.60,4.05159500,0
1506349947,22207776,50.60,3.00000000,0
1506349947,22207775,50.60,2.47452800,0
1506349947,22207773,50.58,2.47387700,0
1506349944,22207770,50.56,3.06685900,0
1506349927,22207716,50.56,1.93314100,0
1506349927,22207714,50.55,0.89939800,0
1506349890,22207632,50.55,56.00000000,0
1506349879,22207607,50.55,0.50000000,0
1506349878,22207604,50.45,14.95500000,1
1506349877,22207602,50.45,0.21000000,1
1506349872,22207592,50.55,3.46036040,0
1506349867,22207583,50.44,23.95200000,1
1506349865,22207575,50.44,0.21000000,1
1506349862,22207561,50.55,36.46567000,0
1506349859,22207546,50.55,16.34000000,0
1506349849,22207513,50.55,18.00000000,0
1506349848,22207510,50.55,39.92622700,0
1506349846,22207497,50.42,1.65374400,1
1506349842,22207487,50.41,0.21000000,1
1506349836,22207470,50.55,4.12762700,0
1506349836,22207469,50.54,95.87237300,0
1506349836,22207467,50.54,4.12762700,1
1506349831,22207442,50.40,0.21000000,1
1506349827,22207434,50.55,22.79221760,0
1506349827,22207432,50.54,3.22000000,0
1506349827,22207431,50.53,73.98778240,0
1506349821,22207420,50.37,0.21000000,1
1506349819,22207413,50.58,23.48850000,1
1506349817,22207403,50.60,3.00000000,1
1506349814,22207391,50.61,100.00000000,1
1506349808,22207374,50.59,21.36720019,0
1506349807,22207370,50.59,14.17178100,1
1506349807,22207367,50.59,0.21000000,1
1506349796,22207311,50.63,0.79805040,0
1506349796,22207310,50.63,0.83000000,0
1506349795,22207307,50.35,0.21000000,1
1506349789,22207294,50.34,15.29300000,1
1506349785,22207272,50.64,30.54622704,0
1506349785,22207271,50.63,1.00000000,0
1506349785,22207270,50.59,4.17000000,0
1506349785,22207269,50.52,3.00000000,0
1506349785,22207268,50.51,1.00000000,0
1506349785,22207267,50.42,0.20999996,0
1506349778,22207219,50.29,51.76000000,1
1506349778,22207218,50.30,48.24000000,1
1506349776,22207205,50.42,1.43623073,0
1506349776,22207203,50.39,0.21000027,0
1506349769,22207173,50.37,13.99999981,1
1506349765,22207157,50.37,0.21000000,1
1506349757,22207126,50.20,24.64160000,1
1506349757,22207121,50.20,15.00000000,1
1506349755,22207102,50.39,14.78999973,0
1506349755,22207100,50.39,11.52827027,0
1506349754,22207098,50.25,0.21000000,0
1506349752,22207081,50.39,1.83336800,0
1506349747,22207062,50.22,14.97000000,1
1506349746,22207060,50.39,1.63836173,0
1506349743,22207049,50.20,5.80000000,1
1506349739,22207025,50.39,15.49851160,1
1506349736,22207020,50.19,14.97000000,1
1506349735,22207014,50.40,31.22410271,0
1506349734,22207012,50.32,3.00000000,0
1506349734,22207010,50.30,0.00514578,0
1506349734,22207007,50.30,2.77150000,0
1506349734,22207006,50.30,0.27410640,0
1506349734,22207005,50.29,1.00000000,0
1506349734,22207003,50.27,1.65137211,0
1506349728,22206965,50.20,0.20777125,0
1506349727,22206961,50.20,0.00222875,1
1506349726,22206957,50.20,0.98210000,1
1506349717,22206896,50.20,11.00000000,0
1506349717,22206894,50.17,38.01567125,0
1506349717,22206889,50.16,35.46722700,1
1506349716,22206888,50.16,0.29517300,1
1506349716,22206883,50.17,11.00000000,0
1506349716,22206881,50.17,1.00000000,0
1506349712,22206838,50.17,1.98823998,0
1506349708,22206816,50.17,66.19735100,0
1506349707,22206806,50.17,13.09981900,0
1506349707,22206804,50.16,6.02000000,0
1506349706,22206798,50.15,1.45900000,1
1506349703,22206777,50.12,3.00000000,0
1506349696,22206743,50.04,14.97000000,1
1506349686,22206657,50.11,1.64623069,0
1506349685,22206650,50.04,1.25610000,1
1506349685,22206648,50.04,0.10000000,1
1506349685,22206646,50.04,0.10000000,1
1506349680,22206600,50.02,0.10000043,0
1506349677,22206585,50.02,1.45940600,0
1506349675,22206569,49.92,66.41000000,1
1506349675,22206567,49.93,33.39000000,1
1506349671,22206551,50.02,0.10000000,0
1506349650,22206395,49.82,1.51048117,1
1506349649,22206393,49.83,5.59000000,1
1506349649,22206392,49.84,31.86151883,1
1506349638,22206313,49.83,28.24140000,1
1506349638,22206311,49.85,6.99000000,1
1506349628,22206225,49.86,10.14677084,1
1506349628,22206223,50.00,11.21320000,1
1506349628,22206219,50.00,5.33752916,1
1506349625,22206186,50.00,10.20000000,1
1506349614,22206073,50.00,0.39920000,1
1506349610,22206029,50.00,16.34000000,1
1506349607,22205980,50.00,0.21000000,1
1506349606,22205974,50.00,0.35623770,1
1506349604,22205953,50.00,66.94190000,1
1506349602,22205937,50.00,2.00511279,1
1506349598,22205893,50.00,11.00000000,0
1506349598,22205891,50.00,18.35602094,0
1506349598,22205889,50.00,11.32366405,0
1506349598,22205887,49.99,59.85000000,0
1506349595,22205861,49.99,1.65137211,0
1506349594,22205848,49.82,0.78053000,1
1506349594,22205846,49.83,27.85020000,1
1506349591,22205811,50.00,24.67633595,0
1506349591,22205809,50.00,100.00000000,0
1506349591,22205806,50.00,2.00000000,0
1506349591,22205801,49.99,5.00000000,0
1506349590,22205798,49.97,0.92177277,0
1506349590,22205796,49.97,0.73947896,0
1506349590,22205794,49.93,1.66241232,0
1506349589,22205788,49.92,3.00000000,0
1506349589,22205778,49.90,44.00000000,0
1506349589,22205769,49.87,18.00000000,0
1506349586,22205731,49.82,5.66708868,1
1506349582,22205672,49.82,66.94190000,1
1506349581,22205650,49.82,0.26000000,1
1506349572,22205532,49.82,29.72400000,1
1506349569,22205491,49.74,47.52614437,0
1506349562,22205411,49.57,1.00000000,1
1506349552,22205284,49.49,7.93800000,1
1506349552,22205283,49.55,50.47000000,1
1506349552,22205281,49.55,11.45000000,1
1506349540,22205196,49.49,27.82600000,1
1506349540,22205195,49.51,1.00000000,1
1506349540,22205192,49.53,1.00000000,1
1506349540,22205190,49.55,12.66000000,1
1506349530,22205131,49.58,26.26300000,1
1506349529,22205129,49.59,0.97000000,1
1506349527,22205099,49.59,2.03000000,0
1506349516,22205023,49.74,1.65940643,0
1506349512,22204981,49.74,54.81580219,0
1506349512,22204980,49.72,2.00000000,0
1506349512,22204979,49.72,3.00000000,0
1506349512,22204978,49.71,611.79999998,0
1506349512,22204976,49.70,0.74000000,0
1506349512,22204975,49.65,17.84657866,0
1506349511,22204974,49.60,100.00000000,0
1506349511,22204972,49.59,3.68000000,0
1506349511,22204971,49.52,0.92272538,0
1506349511,22204970,49.52,2.07727462,0
1506349511,22204968,49.51,1.67662567,0
1506349511,22204965,49.50,5.02990000,0
1506349511,22204963,49.50,4.97010000,0
1506349511,22204961,49.50,91.44099350,0
1506349508,22204926,49.50,4.67662600,0
1506349506,22204909,49.49,0.24000000,1
1506349504,22204879,49.49,0.24000000,1
1506349503,22204865,49.50,1.00000000,0
1506349499,22204848,49.50,23.30000000,0
1506349497,22204836,49.50,2.02332900,0
1506349497,22204832,49.50,156.73400100,0
1506349497,22204830,49.48,4.41000000,0
1506349496,22204821,49.30,1.00000000,1
1506349496,22204817,49.45,11.45278060,1
1506349492,22204798,49.45,28.09931821,0
1506349491,22204792,49.45,141.85794552,0
1506349491,22204786,49.45,16.14849926,0
1506349490,22204776,49.45,13.89423701,0
1506349486,22204739,49.21,13.67060000,1
1506349486,22204738,49.21,1.00000000,1
1506349484,22204720,49.44,11.60000000,0
1506349478,22204675,49.44,2.15505077,0
1506349478,22204672,49.40,7.80000000,0
1506349467,22204579,49.34,39.99979794,0
1506349460,22204536,49.23,3.75250000,1
1506349454,22204500,49.33,7.30000000,1
1506349454,22204491,49.33,1.00000000,0
1506349454,22204490,49.32,100.00000000,0
1506349453,22204488,49.32,3.00000000,0
1506349453,22204486,49.30,1.46000000,0
1506349453,22204485,49.28,7.30000000,0
1506349453,22204482,49.20,8.20000000,0
1506349453,22204480,49.20,46.36338201,0
1506349452,22204474,49.20,23.82656805,0
1506349445,22204439,49.20,1.61030000,0
1506349442,22204421,49.19,14.56292989,0
1506349435,22204396,49.07,12.93710000,1
1506349417,22204363,49.19,7.05916971,1
1506349417,22204362,49.19,30.95530269,1
1506349416,22204361,49.19,1.15912760,1
1506349416,22204357,49.19,0.82640000,1
1506349394,22204287,49.10,15.16841270,0
1506349393,22204283,49.10,218.00000000,0
1506349391,22204277,49.10,11.01614800,0
1506349382,22204266,49.10,17.08600000,0
1506349382,22204265,49.10,28.89919665,0
1506349382,22204263,49.10,11.09856000,0
1506349380,22204257,49.10,2.03392600,0
1506349369,22204212,49.09,8.67000000,0
1506349354,22204179,49.10,29.69775665,0
1506349354,22204178,49.09,10.30000000,0
1506349353,22204177,49.00,5.82759671,0
1506349353,22204176,49.00,43.42724000,0
1506349353,22204174,49.00,20.00005200,0
1506349342,22204163,48.94,24.85400000,1
1506349342,22204162,48.95,174.14600000,1
1506349326,22204109,48.94,34.31800000,0
1506349323,22204106,48.94,0.77600000,1
1506349323,22204105,48.95,164.90600000,1
1506349317,22204095,49.00,39.99775665,0
1506349286,22204056,49.00,39.99775665,0
1506349283,22204052,49.00,72.74959799,1
1506349253,22204004,49.15,10.35623238,1
1506349236,22203991,48.94,111.36286198,0
1506349235,22203990,48.94,102.76223802,0
1506349234,22203989,48.94,38.67790000,1
1506349233,22203988,48.95,47.19700000,1
1506349193,22203982,48.94,80.32210000,1
1506349193,22203981,48.95,100.00000000,1
1506349193,22203980,48.96,4.16000000,1
1506349193,22203979,48.96,118.00000000,1
1506349193,22203978,48.96,18.52000000,1
1506349193,22203977,48.97,173.96800000,1
1506349193,22203976,49.00,5.02990000,1
1506349167,22203944,49.01,1.21562555,0
1506349165,22203931,49.01,6.48401000,0
1506349165,22203930,49.01,1.29095600,0
1506349160,22203920,49.01,6.00940845,0
1506349150,22203918,49.01,15.00000000,1
1506349065,22203874,49.00,4.97010000,1
1506348758,22203599,48.96,9.36000000,1
1506348758,22203598,48.96,5.61000000,1
1506348671,22203538,49.01,7.80000000,0
1506348396,22203246,48.91,13.23600000,1
1506348394,22203244,48.91,15.48100000,1
1506348377,22203216,48.90,15.48400000,1
1506348371,22203208,48.90,15.49000000,1
1506348353,22203185,48.90,15.00000000,1
1506348342,22203176,48.90,15.48400000,1
1506348332,22203165,48.91,15.48400000,1
1506348332,22203164,48.92,13.41320000,1
1506348304,22203140,48.90,15.48400000,1
1506348279,22203125,49.05,43.57064220,0
1506347817,22202884,48.78,20.00000000,1
1506347672,22202824,48.91,15.48100000,1
1506347647,22202813,48.91,15.48100000,1
1506347624,22202802,48.90,5.00000000,1
1506347049,22202476,48.93,36.04800000,1
1506346684,22202300,48.93,1.71169487,1
1506346544,22202225,48.93,0.00000027,0
1506346544,22202224,48.93,20.66621900,0
1506346533,22202221,48.93,0.62531800,0
1506346527,22202220,48.93,17.50612580,0
1506345646,22201771,49.20,1.21667342,0
1506345646,22201770,49.19,11.98665893,0
1506345632,22201761,48.98,8.93800000,1
1506345613,22201756,49.20,32.35600000,0
1506345592,22201746,49.19,12.15029869,0
1506345582,22201739,49.20,8.44623875,0
1506345582,22201738,49.19,0.65000000,0
1506345552,22201729,49.20,14.84370000,0
1506345519,22201720,49.20,39.99838313,0
1506345487,22201693,49.20,0.84366600,0
1506345487,22201692,49.19,11.08000000,0
1506345465,22201681,49.20,39.99838313,0
1506345456,22201679,49.19,9.00000000,1
1506345371,22201649,49.05,25.23740000,1
1506345363,22201647,49.17,34.99938313,0
1506345362,22201646,49.17,4.99900000,0
1506345304,22201583,49.02,6.96818508,1
1506345303,22201577,49.20,7.08528313,0
1506345302,22201576,49.20,32.91310000,0
1506345262,22201557,49.20,5.05900000,0
1506345244,22201551,49.18,4.66770000,0
1506345240,22201550,49.00,1.57830000,1
1506345239,22201549,49.18,35.33230000,1
1506345238,22201548,49.19,4.66770000,0
1506345228,22201546,49.15,2.40880000,1
1506345212,22201537,49.18,2.25890000,1
1506345141,22201490,49.18,13.38775925,0
1506345098,22201464,48.97,6.50680000,1
1506345082,22201454,49.20,40.00000000,0
1506345073,22201448,49.04,7.33640000,1
1506345052,22201431,49.26,8.34580000,1
1506345052,22201430,49.25,13.17000000,0
1506345037,22201424,49.19,2.03749270,0
1506345026,22201421,48.98,5.42120000,1
1506345023,22201415,49.22,17.91710576,0
1506344969,22201391,49.03,39.90810000,1
1506344948,22201370,49.06,6.53680000,1
1506344919,22201344,49.05,2.76100000,1
1506344918,22201343,49.05,15.43900000,1
1506344916,22201340,49.06,15.43900000,1
1506344910,22201338,49.19,4.81175000,1
1506344908,22201336,49.19,4.81175000,1
1506344908,22201335,49.19,4.81175000,1
1506344897,22201321,49.09,2.08900000,1
1506344895,22201319,49.10,15.42000000,1
1506344865,22201290,49.06,0.84060000,1
1506344852,22201275,49.28,30.10940000,0
1506344852,22201274,49.26,9.89060000,0
1506344821,22201261,49.08,9.99500000,1
1506344799,22201248,49.04,4.31790000,1
1506344791,22201245,49.06,3.06200000,0
1506344766,22201237,48.99,6.82860000,1
1506344762,22201236,49.32,27.49776966,1
1506344762,22201235,49.25,14.90000000,0
1506344760,22201234,49.20,59.01375685,0
1506344752,22201231,48.98,5.98110000,1
1506344752,22201230,49.00,0.00600000,1
1506344741,22201221,49.01,49.97500000,1
1506344729,22201213,49.00,11.99400000,1
1506344718,22201206,48.99,6.71670000,1
1506344710,22201201,49.24,1.67662567,0
1506344705,22201195,49.24,10.13200649,0
1506344702,22201193,49.26,69.27405602,0
1506344700,22201192,49.21,1.68686955,0
1506344695,22201191,49.00,42.81260000,1
1506344686,22201183,49.20,28.83195786,1
1506344685,22201182,49.20,1.61621287,0
1506344685,22201181,49.01,20.71460000,1
1506344685,22201180,49.01,22.09800000,1
1506344674,22201176,49.01,0.00000019,0
1506344663,22201166,48.98,6.89660000,1
1506344646,22201139,49.01,6.01201900,0
1506344643,22201136,48.99,42.81260000,1
1506344630,22201128,48.99,5.36740000,1
1506344610,22201112,48.99,7.42630000,1
1506344588,22201076,48.98,16.28690000,1
1506344540,22201056,48.89,32.32180000,1
1506344540,22201055,48.90,4.09000000,1
1506344527,22201048,48.82,29.54500000,1
1506344527,22201047,48.83,0.91000000,1
1506344527,22201046,48.93,15.00000000,1
1506344527,22201044,48.94,4.52000000,1
1506344513,22201039,48.89,44.97500000,1
1506344513,22201038,48.90,5.00000000,1
1506344500,22201036,48.92,42.81260000,1
1506344490,22201029,49.15,10.15764849,0
1506344471,22201020,48.97,49.97500000,1
1506344449,22201006,48.90,6.01600000,1
1506344430,22201001,48.82,14.97000000,1
1506344419,22201000,49.16,4.13527257,1
1506344417,22200999,49.13,16.19000000,0
1506344393,22200895,48.83,14.97000000,1
1506344392,22200894,49.06,15.26431628,0
1506344383,22200891,49.09,20.34426563,1
1506344381,22200890,48.87,16.57680000,1
1506344371,22200886,48.83,3.29340000,1
1506344350,22200878,49.05,11.19836901,0
1506344335,22200876,48.86,21.95600000,1
1506344292,22200864,48.86,13.06790000,1
1506344210,22200812,48.83,1.23860000,1
1506344206,22200809,49.04,1.24100489,1
1506344205,22200806,49.04,10.97800000,0
1506344163,22200797,48.83,10.97800000,1
1506344158,22200796,49.10,0.93788187,1
1506344157,22200795,49.05,49.96336400,1
1506344118,22200785,48.86,39.98000000,1
1506344113,22200782,49.10,8.19000000,1
1506344113,22200781,49.10,31.81000000,0
1506344082,22200762,49.08,11.12600000,0
1506344082,22200761,49.04,28.87400000,0
1506343900,22200677,49.11,20.41474814,1
1506343899,22200676,49.09,19.58525186,0
1506343871,22200672,48.85,1.95210000,1
1506343624,22200592,48.94,9.94295745,1
1506343623,22200591,49.16,1.65000000,0
1506343623,22200590,49.16,38.35000000,0
1506343448,22200536,48.99,2.82360000,1
1506343421,22200529,48.99,1.75650000,1
1506343411,22200523,49.03,39.08170000,1
1506343400,22200520,49.03,1.17870000,1
1506343389,22200508,49.00,1.01400000,1
1506343384,22200502,49.01,10.01644741,1
1506343378,22200501,49.00,0.24060000,1
1506343343,22200482,48.96,89.40960000,1
1506343343,22200481,48.97,7.62000000,1
1506343332,22200475,49.20,0.42150338,0
1506343332,22200474,49.19,14.17000000,0
1506343332,22200473,49.16,16.51000000,0
1506343332,22200472,48.97,1.23040000,1
1506343317,22200462,48.96,99.80000000,1
1506343308,22200458,48.95,4.21160000,1
1506343302,22200440,49.17,40.00000000,1
1506343297,22200419,48.91,5.36930000,1
1506343287,22200410,48.93,7.38040000,1
1506343283,22200408,49.13,7.38430000,1
1506343276,22200403,49.07,32.61570000,1
1506343261,22200386,48.89,11.22060000,1
1506343251,22200380,48.90,12.97400000,1
1506343237,22200376,49.04,13.51226066,0
1506343234,22200373,49.04,39.99982748,0
1506343226,22200369,48.83,0.73476021,1
1506343226,22200368,48.98,0.02073979,1
1506343215,22200362,48.98,10.22260000,1
1506343184,22200346,48.95,35.94892748,1
1506343181,22200339,48.95,4.05090000,1
1506343150,22200323,48.72,23.89160948,1
1506343149,22200322,48.96,16.02839052,1
1506343147,22200319,48.96,23.97160948,1
1506343081,22200241,48.97,19.00200000,1
1506343077,22200239,48.80,1.97610000,1
1506343063,22200235,48.94,3.77758953,1
1506343061,22200232,48.95,20.00000000,1
1506343061,22200231,48.95,0.99800000,1
1506343049,22200226,48.96,9.72834967,0
1506343003,22200201,48.76,2.86830000,1
1506342987,22200187,48.87,39.92000000,1
1506342790,22200138,48.66,3.98010000,1
1506342790,22200137,48.76,0.01990000,1
1506342289,22199942,48.76,9.95010000,1
1506341574,22199649,48.69,15.95810000,1
1506341554,22199645,48.69,6.81800000,1
1506341554,22199644,48.71,4.16000000,1
1506341539,22199640,48.70,12.97400000,1
1506341514,22199624,48.71,7.98400000,1
1506341464,22199611,48.92,1.87726094,0
1506341360,22199571,48.76,11.97600000,1
1506341346,22199566,48.77,14.97000000,1
1506341316,22199540,48.76,22.75440000,1
1506341290,22199535,48.70,21.95600000,1
1506341266,22199521,48.67,2.84430000,1
1506341167,22199432,48.75,23.69477979,0
1506341150,22199423,48.75,4.07191000,0
1506341118,22199400,48.72,18.71850000,1
1506341084,22199381,48.75,60.48246400,0
1506340964,22199344,48.75,3.47271889,0
1506340864,22199263,48.56,0.57190000,1
1506340526,22199134,48.55,8.80814726,1
1506340466,22199118,48.56,16.51000000,0
1506340460,22199110,48.56,8.25296500,0
1506340456,22199108,48.56,7.82888774,0
1506340384,22199060,48.72,3.97053602,0
1506340294,22199017,48.74,2.57546254,0
1506340285,22198993,48.75,2.57546254,0
1506340274,22198978,48.75,1.47987108,0
1506340273,22198976,48.75,1.34269027,0
1506340271,22198971,48.75,2.88010343,0
1506340250,22198946,48.65,83.49000000,1
1506340250,22198945,48.67,16.51000000,1
1506340238,22198938,48.67,100.00000000,1
1506340192,22198911,48.82,14.99999500,0
1506340167,22198882,48.64,0.13294000,0
1506340165,22198880,48.66,0.00576000,1
1506340160,22198878,48.66,2.86030000,1
1506340148,22198865,48.63,4.99000000,1
1506340147,22198864,48.85,5.85264807,1
1506339976,22198760,48.72,2.67910000,1
1506339975,22198759,48.72,2.29000000,1
1506339960,22198752,48.77,3.63770000,1
1506339960,22198751,48.78,2.53000000,1
1506339950,22198748,48.77,37.97390000,1
1506339896,22198722,48.79,5.75350000,1
1506339873,22198717,48.79,1.99600000,1
1506339847,22198682,48.79,49.90000000,1
1506339699,22198622,48.71,3.98200000,1
1506339698,22198621,48.74,3.54000000,1
1506339698,22198620,48.81,1.46000000,1
1506339690,22198619,48.83,1.00000000,1
1506339388,22198534,48.69,12.97400000,1
1506339366,22198530,48.66,1.65800000,1
1506339366,22198529,48.67,4.33000000,1
1506339324,22198521,48.91,30.62870579,0
1506339319,22198520,48.66,2.29540000,1
1506339309,22198518,48.63,4.18600000,1
1506339308,22198517,48.64,1.00000000,1
1506339308,22198516,48.65,1.00000000,1
1506339308,22198515,48.66,4.79000000,1
1506339308,22198514,48.67,1.00000000,1
1506339296,22198511,48.92,11.22812756,0
1506339253,22198501,48.67,10.97800000,1
1506339241,22198499,48.93,35.48763539,0
1506339240,22198498,48.93,4.12737278,0
1506339240,22198497,48.93,57.10500000,0
1506339239,22198496,48.92,15.00000000,1
1506339239,22198495,48.92,10.75000000,0
1506339077,22198367,48.98,10.19497754,0
1506339022,22198347,48.71,25.43661614,1
1506339022,22198346,48.72,0.85000000,1
1506339022,22198345,48.74,4.24000000,1
1506339022,22198344,48.80,10.73000000,1
1506339022,22198343,48.84,1.53468386,1
1506339016,22198340,49.03,42.86803997,0
1506339014,22198338,49.02,28.42981154,0
1506339013,22198335,49.01,71.32115895,0
1506338977,22198317,49.02,5.09218846,0
1506338703,22198152,48.88,50.72740000,1
1506338671,22198146,48.87,0.55880000,1
1506338669,22198145,49.14,50.80891330,1
1506338654,22198130,48.89,10.18860000,1
1506338648,22198128,49.10,1.01690428,0
1506338623,22198114,48.87,5.51860000,1
1506338622,22198113,48.87,4.67000000,1
1506338606,22198110,48.86,5.02860000,1
1506338606,22198109,48.88,5.16000000,1
1506338564,22198097,49.06,15.63590000,0
1506338552,22198093,49.04,44.36410000,1
1506338500,22198071,48.93,9.57390000,1
1506338490,22198069,48.94,5.67870000,1
1506338478,22198063,48.93,73.10550000,1
1506338466,22198061,48.94,35.74840000,1
1506338464,22198060,49.07,6.17107255,0
1506338457,22198057,48.93,35.74840000,1
1506338447,22197988,48.94,10.18860000,1
1506338436,22197983,48.87,10.18860000,1
1506338413,22197971,48.89,8.55190000,1
1506338395,22197966,49.06,10.16612311,0
1506338394,22197965,48.88,21.27540000,1
1506338329,22197929,48.84,0.30731407,1
1506338324,22197925,48.81,15.28180000,1
1506338324,22197923,48.87,6.30000000,1
1506338290,22197877,48.86,18.46300000,1
1506338288,22197873,48.90,52.36243849,1
1506338288,22197872,48.90,7.63756151,1
1506338278,22197857,48.79,2.20500000,1
1506338278,22197856,48.80,7.79000000,1
1506338276,22197853,49.20,12.48973703,1
1506338276,22197852,49.20,8.22700100,1
1506338276,22197851,49.20,9.79141700,1
1506338275,22197849,49.20,15.37398374,1
1506338275,22197848,49.20,5.56749000,1
1506338275,22197846,49.20,237.00000000,1
1506338275,22197845,49.20,20.59611200,1
1506338274,22197842,49.20,6.92560600,1
1506338274,22197840,49.20,5.55600000,1
1506338274,22197838,49.20,4.66412100,1
1506338274,22197836,49.20,3.50000000,1
1506338274,22197834,49.20,177.70000000,1
1506338274,22197833,49.20,5.97613000,1
1506338274,22197832,49.20,6.71435400,1
1506338273,22197831,49.20,4.76190500,1
1506338273,22197830,49.20,102.39360000,1
1506338272,22197826,49.20,0.40923866,1
1506338272,22197824,49.20,0.60000000,1
1506338271,22197821,49.20,0.57378571,1
1506338271,22197819,49.16,103.00000000,0
1506338271,22197818,49.13,1.30000000,0
1506338271,22197817,49.12,3.00000000,0
1506338270,22197815,49.11,160.10800000,0
1506338270,22197813,49.10,57.38000000,0
1506338270,22197812,49.09,6.49000000,0
1506338270,22197811,49.00,2.04603346,0
1506338270,22197810,48.99,3.18269035,0
1506338270,22197809,48.93,34.67279505,0
1506338219,22197799,48.99,0.50275566,0
1506337951,22197737,48.96,2.58027778,1
1506337951,22197736,48.96,16.51000000,0
1506337918,22197724,48.75,43.59666553,1
1506337603,22197612,48.61,10.15552356,0
1506337439,22197567,48.70,0.98910000,1
1506337409,22197558,48.77,0.25000000,0
1506337387,22197548,48.53,13.69050000,1
1506337386,22197547,48.59,16.51000000,1
1506337383,22197542,48.83,30.26138100,1
1506337382,22197539,48.82,23.36879200,1
1506337381,22197537,48.82,23.36982700,0
1506337320,22197522,48.80,0.30731407,0
1506337098,22197337,48.83,34.29522463,0
1506337032,22197281,48.66,49.90000000,1
1506337015,22197275,48.67,0.22360000,1
1506337005,22197271,48.66,8.51900000,1
1506337000,22197268,48.85,8.53600000,1
1506336998,22197267,48.84,91.46400000,0
1506336981,22197259,48.66,18.55767700,1
