date,tid,price,amount,type
1506384000,22239368,0.15515,120.00000000,1
1506382804,22239099,0.15503,200.00000000,1
1506382800,22239097,0.15503,120.00000000,1
1506382143,22238919,0.15527,200.00000000,1
1506382138,22238918,0.15525,309.00000000,1
1506381685,22238834,0.15581,671.84391245,1
1506381685,22238833,0.15581,620.00000000,1
1506381685,22238832,0.15600,436.78849217,1
1506381608,22238803,0.15600,1152.98015900,1
1506381579,22238778,0.15600,3391.94300300,1
1506381508,22238712,0.15600,18.28834583,1
1506381508,22238711,0.15600,700.00000000,1
1506381508,22238709,0.15602,750.00000000,1
1506381508,22238707,0.15603,444.48851617,1
1506381508,22238706,0.15604,10106.47055000,1
1506381501,22238699,0.15604,6273.55556700,1
1506381155,22238587,0.15682,1034.13378395,0
1506381155,22238586,0.15682,235.86621605,0
1506380789,22238433,0.15638,120.00000000,0
1506380400,22238233,0.15603,52.89780000,1
1506379294,22237524,0.15601,200.00000000,0
1506379291,22237523,0.15601,125.37357197,0
1506379212,22237465,0.15650,67.10219458,1
1506378945,22237401,0.15708,40.00000000,0
1506378854,22237348,0.15650,6020.14005000,1
1506378824,22237329,0.15650,1593.33609200,1
1506378806,22237324,0.15650,820.00000000,1
1506378717,22237299,0.15650,2081.06658200,1
1506378715,22237298,0.15650,408.98389600,1
1506378715,22237297,0.15652,2080.80066200,1
1506378651,22237270,0.15652,100.00000000,1
1506378639,22237257,0.15652,848.90626000,1
1506378639,22237256,0.15652,1623.29307800,1
1506378623,22237251,0.15679,1721.59993400,1
1506378576,22237243,0.15679,2166.68722100,1
1506378492,22237225,0.15679,4773.56807500,1
1506378394,22237168,0.15679,10000.00000000,1
1506378370,22237159,0.15679,913.21029000,1
1506378189,22237083,0.15679,120.00000000,0
1506378075,22236998,0.15700,136.00000000,1
1506378074,22236997,0.15700,793.13576600,1
1506378007,22236983,0.15700,40.95900000,1
1506377949,22236955,0.15700,5553.77601000,1
1506377947,22236950,0.15700,3299.29792900,1
1506377947,22236949,0.15700,7148.64859100,1
1506377945,22236944,0.15700,3299.29793000,1
1506377944,22236943,0.15700,1104.12428400,1
1506377944,22236942,0.15700,10780.10215200,1
1506377944,22236941,0.15701,10450.58089000,1
1506377812,22236858,0.15700,381.51561825,1
1506377800,22236846,0.15700,200.00000000,0
1506377697,22236746,0.15698,1270.86253025,0
1506377652,22236727,0.15693,351.50761486,0
1506377598,22236672,0.15650,4306.96008200,1
1506377584,22236650,0.15650,200.00000000,1
1506377450,22236533,0.15704,34.16498974,0
1506377440,22236526,0.15650,2584.82952800,1
1506377282,22236442,0.15650,200.00000000,1
1506377276,22236440,0.15650,14435.64140100,1
1506377134,22236294,0.15704,356.59296994,0
1506377132,22236292,0.15678,120.00000000,0
1506376893,22236035,0.15650,9213.26000000,1
1506376815,22235946,0.15650,1773.85689000,1
1506376808,22235920,0.15650,2372.89700600,1
1506376800,22235898,0.15650,4158.23786000,1
1506376800,22235896,0.15650,2841.76214000,1
1506376778,22235815,0.15650,27181.75169800,1
1506376725,22235699,0.15651,6088.22766200,1
1506376681,22235676,0.15695,8524.68624577,0
1506376660,22235666,0.15697,134.84793273,0
1506376654,22235660,0.15650,11030.47880700,1
1506376611,22235588,0.15651,2114.55371600,1
1506376596,22235585,0.15651,200.00000000,1
1506376593,22235583,0.15651,1688.59125200,1
1506376585,22235581,0.15704,1719.13888620,0
1506376561,22235568,0.15651,2200.00000000,1
1506376286,22235441,0.15650,6456.20128200,1
1506376286,22235440,0.15651,1554.30980000,1
1506376272,22235434,0.15651,136.01096277,1
1506376168,22235363,0.15729,126.70970818,1
1506376118,22235336,0.15756,143.97251218,0
1506376118,22235335,0.15755,4305.09617000,1
1506376117,22235334,0.15730,2158.92801024,0
1506376117,22235333,0.15727,3478.47783897,1
1506376117,22235332,0.15726,5474.26756303,1
1506376115,22235331,0.15692,53.00000000,0
1506375772,22235039,0.15660,246.00000000,1
1506375635,22234778,0.15651,281.80148800,1
1506375635,22234777,0.15658,2413.62415000,1
1506375635,22234776,0.15660,947.00000000,1
1506375281,22234484,0.15660,53.00000000,0
1506375131,22234386,0.15658,533.37585000,1
1506375052,22234264,0.15658,53.00000000,0
1506375021,22234234,0.15650,284.32784342,1
1506374753,22234096,0.15651,3021.34874400,1
1506374752,22234095,0.15651,1350.62808400,1
1506374550,22234022,0.15650,1592.32038600,1
1506374546,22234021,0.15650,263.15170700,1
1506374538,22234009,0.15655,42.11759821,0
1506374498,22234001,0.15650,113.69455500,1
1506373801,22233726,0.15651,6328.38796200,1
1506373794,22233722,0.15657,510.84117000,1
1506373790,22233718,0.15657,989.15883000,1
1506373758,22233682,0.15681,2656.60097700,1
1506373753,22233680,0.15681,53.00000000,0
1506373741,22233667,0.15679,100.00000000,1
1506373364,22233482,0.15669,795.37348000,1
1506373346,22233467,0.15667,1293.75000000,1
1506373279,22233441,0.15664,53.00000000,0
1506372986,22233262,0.15651,5971.05523055,1
1506372986,22233261,0.15660,528.62556909,1
1506372903,22233216,0.15724,12688.95630883,0
1506372517,22232961,0.15730,4500.00000000,0
1506372333,22232845,0.15723,48.10869426,0
1506372331,22232844,0.15722,78.78127350,0
1506372328,22232842,0.15662,95.90400000,0
1506372261,22232801,0.15719,79.00000000,0
1506372261,22232800,0.15691,79.00000000,0
1506371989,22232642,0.15660,98.19188191,1
1506371867,22232562,0.15660,1373.18254900,1
1506371867,22232561,0.15661,79.00000000,1
1506371867,22232560,0.15663,79.00000000,1
1506371747,22232462,0.15722,255.10554523,0
1506371584,22232081,0.15663,79.00000000,0
1506371230,22231542,0.15600,1000.00000000,1
1506371050,22231460,0.15673,222.29243922,0
1506371048,22231458,0.15672,95.90419857,0
1506371047,22231457,0.15672,318.21082184,0
1506370652,22231241,0.15581,180.00000000,1
1506370647,22231240,0.15668,954.94000510,0
1506370145,22230983,0.15644,100.00000000,1
1506370002,22230941,0.15645,0.00000018,1
1506369889,22230867,0.15645,2258.49068200,1
1506369889,22230865,0.15645,4581.68656600,1
1506369889,22230863,0.15645,2713.72560800,1
1506369886,22230861,0.15638,10354.34700000,0
1506369720,22230738,0.15672,509.19148800,1
1506369720,22230737,0.15674,99.84317978,1
1506369719,22230736,0.15672,1510.62295000,0
1506369663,22230670,0.15678,89.07437173,0
1506369587,22230596,0.15658,1308.01927398,0
1506369585,22230594,0.15657,348.28091000,0
1506369262,22230338,0.15539,2894.21171613,1
1506368941,22230090,0.15530,1300.00000000,1
1506368921,22230077,0.15530,100.00000000,1
1506368791,22229989,0.15582,32.02413040,0
1506368785,22229981,0.15583,501.38892581,1
1506368784,22229980,0.15583,12301.02396000,0
1506368310,22229633,0.15537,3899.33025984,1
1506367902,22229358,0.15569,2306.52090693,0
1506367776,22229320,0.15550,1578.28747000,1
1506367776,22229319,0.15550,11386.71253000,1
1506367774,22229318,0.15570,13000.00000000,1
1506367740,22229276,0.15560,9246.58988800,1
1506367737,22229274,0.15552,1876.70505600,0
1506367725,22229264,0.15550,35.00000000,1
1506367723,22229259,0.15551,616.62656800,1
1506367723,22229258,0.15551,1883.37343200,1
1506367203,22228966,0.15577,191.52524330,0
1506367201,22228963,0.15565,0.48900000,0
1506366963,22228827,0.15579,699.00000000,1
1506366387,22228594,0.15532,1460.42000000,1
1506366337,22228583,0.15532,4671.02093300,1
1506366188,22228528,0.15547,32.09622435,0
1506366181,22228519,0.15547,2034.22000000,0
1506366055,22228438,0.15531,2656.36059900,1
1506365986,22228400,0.15528,71.56500000,0
1506365979,22228378,0.15528,57.25000000,1
1506365933,22228339,0.15550,57.18500000,1
1506365215,22228007,0.15599,35.00000000,0
1506364908,22227864,0.15686,95.41674104,0
1506364827,22227824,0.15513,678.26375082,1
1506364819,22227820,0.15628,13244.33983875,0
1506364637,22227748,0.15482,1784.14811544,1
1506364637,22227747,0.15508,1847.53266256,1
1506364636,22227746,0.15509,2500.00000000,1
1506364542,22227689,0.15589,1329.02640000,1
1506364535,22227684,0.15452,1426.50081527,0
1506364535,22227683,0.15452,2500.00000000,1
1506364534,22227682,0.15453,5000.00000000,1
1506364534,22227681,0.15453,5156.02117259,0
1506364534,22227680,0.15453,5280.49860880,0
1506364534,22227678,0.15453,2500.00000000,0
1506364534,22227677,0.15454,5000.00000000,1
1506364533,22227676,0.15454,5000.00000000,1
1506364533,22227675,0.15463,4700.42867000,1
1506364533,22227672,0.15464,5000.00000000,1
1506364533,22227670,0.15464,5000.00000000,1
1506364532,22227669,0.15477,324.18588873,1
1506364532,22227668,0.15480,2041.18508000,1
1506364532,22227667,0.15480,2500.00000000,0
1506364531,22227666,0.15481,16668.90800000,0
1506364531,22227665,0.15600,550.00000000,1
1506364531,22227663,0.15601,1622.02100000,1
1506364531,22227662,0.15601,1622.02100000,1
1506364531,22227661,0.15601,1622.02100000,1
1506364530,22227660,0.15601,1622.02100000,1
1506364530,22227659,0.15601,1622.02100000,1
1506364530,22227658,0.15601,1622.02100000,1
1506364530,22227657,0.15601,1622.02100000,1
1506364530,22227656,0.15602,1622.02100000,1
1506364530,22227655,0.15602,1622.02100000,1
1506364530,22227654,0.15602,1622.02100000,1
1506364529,22227653,0.15602,1622.02100000,1
1506364529,22227652,0.15602,1622.02100000,1
1506364529,22227651,0.15602,1622.02100000,1
1506364529,22227650,0.15602,1622.02100000,1
1506364529,22227649,0.15602,0.00002461,1
1506364528,22227648,0.15622,17118.63171000,0
1506364528,22227647,0.15622,10185.13603000,1
1506364528,22227646,0.15622,2500.00000000,1
1506364448,22227568,0.15700,2427.29547771,0
1506364375,22227522,0.15680,1163.17293265,0
1506364375,22227521,0.15680,1444.03370000,0
1506364358,22227510,0.15683,352.86870974,1
1506364357,22227507,0.15683,1752.34160000,0
1506364331,22227457,0.15600,1622.02097539,0
1506364199,22227317,0.15600,6419.78400000,0
1506364083,22227248,0.15600,1958.19502461,0
1506364083,22227247,0.15538,6393.62376044,0
1506364081,22227238,0.15536,2532.96586906,0
1506364066,22227231,0.15526,1347.71479357,1
1506364066,22227230,0.15535,316.21955356,1
1506364066,22227229,0.15536,1061.91061163,1
1506364066,22227228,0.15536,8118.83714424,1
1506364064,22227227,0.15537,2500.00000000,1
1506364040,22227201,0.15538,804.09400000,0
1506364036,22227195,0.15538,2306.22000000,0
1506364008,22227167,0.15538,1283.29053071,0
1506363998,22227156,0.15536,5383.61536167,0
1506363998,22227155,0.15536,3425.97792247,0
1506363992,22227140,0.15536,1190.40671586,0
1506363992,22227139,0.15535,1061.91061163,0
1506363991,22227136,0.15535,3313.92957837,0
1506363847,22227026,0.15538,400.21333135,0
1506363789,22226976,0.15538,230.20446646,0
1506363536,22226844,0.15575,0.00000200,1
1506363518,22226827,0.15575,3864.37745000,1
1506363510,22226813,0.15575,2445.34557700,1
1506363500,22226806,0.15575,1847.93306100,1
1506363500,22226805,0.15575,1842.34391000,1
1506363257,22226641,0.15564,5031.06980552,1
1506363254,22226638,0.15564,1952.51226216,0
1506363254,22226637,0.15563,1016.41793232,0
1506363150,22226589,0.15564,487.24038461,0
1506363148,22226588,0.15500,3000.00000000,1
1506362630,22226312,0.15562,640.98444929,0
1506362435,22226183,0.15558,1417.49749325,0
1506362433,22226180,0.15557,1788.38370000,0
1506362406,22226163,0.15489,3625.50900000,0
1506362405,22226162,0.15489,6124.49100000,1
1506362376,22226126,0.15492,33.00000000,0
1506361754,22225743,0.15564,640.90606528,0
1506361640,22225671,0.15531,1662.00000000,1
1506361507,22225590,0.15567,2500.00000000,0
1506361425,22225515,0.15556,1324.10322000,1
1506361423,22225512,0.15556,1675.89678000,1
1506361414,22225502,0.15567,127.65658123,0
1506361124,22225296,0.15556,11172.53570000,0
1506361124,22225295,0.15550,2500.00000000,0
1506361124,22225294,0.15549,1327.46430000,0
1506360872,22225122,0.15597,8907.44976482,1
1506360864,22225102,0.15577,1325.28730000,0
1506360823,22225056,0.15594,639.67307939,0
1506360669,22224877,0.15474,386.92433893,1
1506360655,22224863,0.15494,1536.35036700,1
1506360655,22224862,0.15495,4781.81963300,1
1506360599,22224801,0.15642,625.51598261,1
1506360597,22224796,0.15577,952.95033395,0
1506360596,22224795,0.15577,2876.27646605,0
1506360349,22224288,0.15653,1066.84044585,0
1506360339,22224283,0.15528,1655.92325350,1
1506360333,22224278,0.15669,832.92954240,1
1506360333,22224276,0.15607,999.50024987,0
1506360331,22224275,0.15600,1360.57294872,0
1506360228,22224156,0.15600,639.42705128,0
1506359941,22223963,0.15604,738.78492678,1
1506359941,22223962,0.15605,0.00000017,1
1506359861,22223933,0.15605,1613.85796200,1
1506359850,22223915,0.15605,386.14203783,0
1506359829,22223885,0.15605,1500.00000000,0
1506359816,22223882,0.15605,1000.00000000,0
1506359755,22223815,0.15605,639.21819929,0
1506359750,22223809,0.15604,1384.80000000,1
1506359743,22223803,0.15605,31.96110221,0
1506359687,22223753,0.15604,1610.25607200,1
1506359640,22223719,0.15604,3266.13722000,0
1506359637,22223717,0.15604,1000.00000000,0
1506359620,22223706,0.15604,450.30482386,0
1506359620,22223705,0.15604,323.20357142,0
1506359405,22223555,0.15551,2106.40127000,1
1506359403,22223550,0.15550,1000.00000000,0
1506359388,22223543,0.15501,150.71970266,1
1506359291,22223376,0.15550,1224.58829900,1
1506359260,22223341,0.15605,315.53463620,0
1506359259,22223340,0.15600,963.14628220,0
1506359236,22223330,0.15600,1270.66000000,0
1506359234,22223328,0.15600,774.39600000,0
1506359211,22223306,0.15549,1263.70503800,1
1506359211,22223304,0.15549,771.38447100,1
1506359209,22223302,0.15550,1532.91049100,1
1506359205,22223300,0.15550,3811.00000000,1
1506359170,22223263,0.15550,1316.71001300,1
1506359136,22223245,0.15550,862.92900000,1
1506359109,22223221,0.15525,9228.61552900,0
1506359108,22223220,0.15525,707.95800000,0
1506359107,22223218,0.15525,713.22300000,0
1506359105,22223213,0.15525,1754.19741000,1
1506359105,22223212,0.15526,7596.00606100,1
1506358975,22223138,0.15592,1428.96346844,0
1506358796,22222965,0.15592,319.87756542,0
1506358690,22222846,0.15508,2354.39408300,1
1506358612,22222741,0.15595,127.87434000,0
1506358607,22222721,0.15502,1259.63481100,1
1506358596,22222682,0.15469,8616.48248900,1
1506358593,22222679,0.15596,691.33100000,0
1506358589,22222676,0.15596,881.63900000,0
1506358588,22222672,0.15434,15398.36967263,1
1506358587,22222671,0.15499,1690.68359555,1
1506358587,22222670,0.15499,1280.17260000,0
1506358587,22222669,0.15507,1000.00000000,1
1506358587,22222668,0.15508,17806.81762300,0
1506358586,22222667,0.15508,560.42500000,0
1506358586,22222666,0.15520,593.75587185,1
1506358586,22222665,0.15541,7253.14268683,0
1506358586,22222664,0.15541,4676.83725000,1
1506358585,22222663,0.15543,2308.44990883,0
1506358585,22222661,0.15570,276.95520231,1
1506358585,22222660,0.15575,8904.39058900,1
1506358580,22222656,0.15574,698.16355100,1
1506358577,22222646,0.15600,549.11902649,1
1506358577,22222645,0.15600,0.00008510,1
1506358576,22222642,0.15600,3009.98096154,1
1506358573,22222630,0.15600,5792.91628206,1
1506358573,22222629,0.15605,3559.10000000,1
1506358536,22222559,0.15606,1159.01577302,1
1506358535,22222554,0.15606,1157.88510830,1
1506358532,22222515,0.15607,339.07336298,1
1506358531,22222514,0.15607,1000.00000000,1
1506358530,22222505,0.15608,4073.38404799,1
1506358529,22222497,0.15608,870.51146848,1
1506358528,22222494,0.15608,1347.11030640,1
1506358527,22222482,0.15608,2239.77818196,1
1506358463,22222400,0.15608,1599.99999979,1
1506358462,22222396,0.15650,0.00000021,1
1506358457,22222392,0.15650,999.99999979,1
1506358457,22222391,0.15650,18302.87943321,1
1506358457,22222390,0.15651,12498.57029000,1
1506358432,22222379,0.15651,679.37076500,1
1506358419,22222368,0.15655,16629.78135000,1
1506358406,22222359,0.15653,516.89771929,1
1506358341,22222304,0.15658,4281.93186500,1
1506358341,22222302,0.15659,1269.24611000,1
1506358292,22222269,0.15659,1995.00000000,0
1506358284,22222249,0.15656,1035.13017386,1
1506358284,22222248,0.15670,0.00012763,1
1506358278,22222245,0.15728,2000.00000000,0
1506358229,22222208,0.15730,284.32784342,0
1506358205,22222180,0.15681,10481.66462599,0
1506358136,22222114,0.15670,399.99987237,1
1506358135,22222107,0.15671,0.00008011,1
1506358135,22222105,0.15671,3049.18282178,1
1506358134,22222101,0.15671,2534.70836276,1
1506358134,22222100,0.15672,4398.83543444,1
1506358134,22222097,0.15672,4771.35307256,1
1506358132,22222093,0.15671,4622.59023435,1
1506358132,22222091,0.15671,1228.23913100,1
1506358131,22222089,0.15682,0.00000100,1
1506358131,22222085,0.15682,9172.73370000,1
1506358130,22222084,0.15683,10478.75428000,1
1506358099,22222044,0.15700,0.50002056,1
1506358095,22222034,0.15700,999.49997944,1
1506358095,22222032,0.15707,0.49975013,1
1506358090,22222009,0.15707,999.50024987,1
1506358000,22221939,0.15771,244.71586906,1
1506357998,22221937,0.15771,3528.70000000,0
1506357829,22221775,0.15774,3161.86832763,0
1506357816,22221772,0.15775,3762.78690916,0
1506357816,22221771,0.15775,2580.67602000,0
1506357814,22221770,0.15765,1259.55000000,1
1506357598,22221624,0.15777,189.67598403,0
1506357480,22221504,0.15778,6322.13354037,0
1506357476,22221500,0.15713,2250.51084350,1
1506357456,22221477,0.15711,3624.93462500,1
1506357456,22221476,0.15750,550.23200000,1
1506357409,22221440,0.15750,55.00000000,1
1506357401,22221427,0.15750,2394.76800000,1
1506357242,22221272,0.15795,418.10699588,1
1506357175,22221192,0.15795,631.72193732,0
1506357126,22221151,0.15750,2371.64104500,1
1506357111,22221132,0.15786,176.20715723,1
1506357111,22221131,0.15786,3165.96680000,0
1506357111,22221130,0.15784,636.26756277,0
1506357083,22221113,0.15793,441.71919716,0
1506357042,22221085,0.15750,6708.93505594,0
1506356993,22220989,0.15750,3167.63434921,0
1506356991,22220985,0.15750,316.66863492,0
1506356984,22220983,0.15750,1026.71000000,0
1506356930,22220903,0.15750,1000.00000000,1
1506356912,22220876,0.15751,288.61000000,1
1506356820,22220823,0.15817,755.15749500,0
1506356702,22220694,0.15839,1656.48279563,0
1506356690,22220664,0.15844,3672.33933600,0
1506356640,22220619,0.15878,4646.59333669,1
1506356638,22220618,0.15756,4823.35152000,0
1506356574,22220559,0.15777,1000.00000000,0
1506356572,22220557,0.15775,1750.00000000,0
1506356511,22220436,0.15813,3818.00000000,0
1506356511,22220435,0.15813,2500.00000000,0
1506356504,22220426,0.15709,641.50077753,1
1506356489,22220390,0.15704,10000.00000000,1
1506356457,22220366,0.15780,1042.53595200,1
1506356457,22220365,0.15781,3094.91550000,1
1506356456,22220364,0.15781,3094.91550000,1
1506356456,22220363,0.15781,2767.63304800,1
1506356379,22220271,0.15843,1020.00000000,0
1506356373,22220256,0.15781,327.28245200,1
1506356373,22220255,0.15781,3094.91550000,1
1506356373,22220254,0.15781,3094.91550000,1
1506356373,22220253,0.15781,2219.29250800,1
1506356373,22220252,0.15782,1263.59404000,1
1506356343,22220190,0.15844,1259.12818732,0
1506356308,22220169,0.15781,875.62299200,1
1506356308,22220168,0.15781,3094.91550000,1
1506356308,22220167,0.15781,3094.91550000,1
1506356308,22220166,0.15781,2934.54600800,1
1506356304,22220163,0.15781,160.36949200,1
1506356303,22220162,0.15782,9839.63050800,1
1506356273,22220133,0.15885,272.53950793,0
1506356273,22220132,0.15885,5781.98448000,0
1506356273,22220131,0.15850,8874.10907653,0
1506356273,22220130,0.15842,314.88693554,0
1506356273,22220128,0.15830,4756.48000000,0
1506356256,22220108,0.15782,1000.00000000,1
1506356229,22220070,0.15780,0.00001160,0
1506356228,22220067,0.15780,517.27861951,0
1506356228,22220065,0.15779,1326.98535998,0
1506356228,22220062,0.15779,1250.65152051,0
1506356149,22219983,0.15700,10000.00000000,1
1506356145,22219980,0.15720,10000.00000000,1
1506356140,22219977,0.15721,1.42167400,1
1506356140,22219976,0.15722,9998.57832600,1
1506356136,22219971,0.15721,10000.00000000,1
1506356130,22219965,0.15725,7579.08234000,1
1506356130,22219964,0.15726,2420.91766000,1
1506356126,22219957,0.15724,10000.00000000,1
1506356115,22219948,0.15724,10000.00000000,1
1506355871,22219664,0.15778,80.87210039,1
1506355871,22219663,0.15778,35.92411825,1
1506355856,22219642,0.15778,10000.00000000,1
1506355825,22219620,0.15778,2608.26399178,1
1506355825,22219619,0.15778,7391.73600822,1
1506355806,22219585,0.15778,285.34600470,1
1506355699,22219380,0.15778,11058.73407036,0
1506355699,22219379,0.15764,3941.26592964,0
1506355636,22219241,0.15709,682.00000000,1
1506355551,22218945,0.15700,2826.81946270,0
1506355548,22218937,0.15700,10000.00000000,0
1506355542,22218923,0.15655,6203.56662630,0
1506355542,22218922,0.15655,10000.00000000,0
1506355541,22218919,0.15655,5474.26756277,0
1506355541,22218916,0.15655,9246.43754300,0
1506355540,22218914,0.15655,1665.35620700,0
1506355538,22218910,0.15655,3528.70000000,1
1506355538,22218909,0.15656,10000.00000000,1
1506355174,22218452,0.15652,50.45435624,1
1506355001,22218243,0.15664,78.22717812,1
1506354771,22218036,0.15764,1265.54174067,0
1506354754,22218006,0.15772,760.06084035,0
1506354366,22217295,0.15779,0.62569034,1
1506354362,22217285,0.15779,1251.27721085,1
1506354359,22217274,0.15779,138.69855394,1
1506354355,22217263,0.15751,134.39854487,0
1506354180,22216930,0.15731,3375.89934287,1
1506354179,22216927,0.15731,2095.89064406,1
1506354178,22216926,0.15731,2096.93863800,1
1506354175,22216913,0.15731,2095.89064406,1
1506354171,22216904,0.15731,1615.74146101,0
1506354155,22216869,0.15731,196.57167377,0
1506354145,22216823,0.15731,285.34600470,0
1506354111,22216761,0.15674,448.17140600,1
1506354110,22216758,0.15674,6210.75660417,1
1506354110,22216757,0.15674,2999.99999983,1
1506354046,22216686,0.15674,0.00000017,0
1506354013,22216650,0.15674,1381.62843100,0
1506353900,22216442,0.15674,4591.39326272,0
1506353898,22216438,0.15670,500.00000000,0
1506353889,22216433,0.15650,10337.39950100,1
1506353735,22216257,0.15650,5670.13024200,1
1506353734,22216256,0.15651,9376.71607000,1
1506353716,22216215,0.15652,1570.12016868,0
1506353699,22216194,0.15651,611.15902400,1
1506353688,22216157,0.15652,128.20605000,0
1506353672,22216101,0.15651,500.00000000,1
1506353667,22216068,0.15651,563.06400000,1
1506353662,22216028,0.15652,1488.50026600,1
1506353647,22215942,0.15651,1583.90194100,1
1506353495,22215770,0.15650,617.09789426,1
1506353493,22215764,0.15650,614.31941100,1
1506353309,22215560,0.15650,2211.60391720,1
1506353293,22215542,0.15650,1005.52000000,1
1506353289,22215536,0.15650,834.17300000,1
1506353160,22215257,0.15650,3908.22032600,1
1506353150,22215245,0.15650,249.99993611,1
1506353133,22215229,0.15674,7159.59238229,0
1506353132,22215227,0.15650,2168.11959800,1
1506353008,22215042,0.15674,1977.00000000,0
1506352986,22215000,0.15650,4080.53674122,1
1506352930,22214922,0.15674,1000.00000000,0
1506352922,22214908,0.15674,1000.00000000,0
1506352899,22214868,0.15674,1272.81638382,0
1506352888,22214823,0.15651,4961.76132424,1
1506352887,22214821,0.15651,6933.54378576,1
1506352882,22214815,0.15651,1147.58554669,1
1506352877,22214810,0.15674,1000.00000000,0
1506352868,22214803,0.15674,1000.00000000,0
1506352862,22214794,0.15674,517.56954000,0
1506352862,22214793,0.15673,4232.43046000,0
1506352819,22214764,0.15674,1272.81638382,0
1506352802,22214747,0.15600,3197.10267130,1
1506352802,22214746,0.15602,1370.92872000,1
1506352800,22214745,0.15649,431.96860870,1
1506352778,22214731,0.15689,19.39272381,1
1506352777,22214730,0.15689,737.20400000,1
1506352776,22214727,0.15689,243.40327619,1
1506352628,22214548,0.15649,111.00000000,1
1506352614,22214517,0.15648,707.03139130,0
1506352502,22214298,0.15646,1200.00000000,0
1506352338,22214077,0.15655,955.77087193,0
1506352219,22213874,0.15542,904.85237000,1
1506352162,22213771,0.15576,1907.03139130,1
1506352160,22213762,0.15590,5000.00000000,1
1506351986,22213464,0.15586,839.46586681,0
1506351974,22213407,0.15586,160.53413319,0
1506351939,22213324,0.15580,625.00000000,1
1506351925,22213311,0.15691,400.00000000,0
1506351863,22213206,0.15611,5154.31635100,1
1506351863,22213203,0.15612,16093.68042000,1
1506351711,22212818,0.15803,656.04632031,1
1506351710,22212816,0.15803,2500.00000000,0
1506351622,22212669,0.15709,200.00000000,1
1506351609,22212625,0.15705,444.95224665,1
1506351499,22212378,0.15783,63.20129253,0
1506351383,22212227,0.15818,1260.98224000,0
1506351348,22212187,0.15729,7240.77633800,1
1506351347,22212186,0.15729,3681.27815000,0
1506351347,22212185,0.15727,2500.00000000,0
1506351232,22212008,0.15625,2822.40000000,1
1506351193,22211904,0.15605,59.40000000,1
1506351051,22211601,0.15672,954.73411179,0
1506350990,22211475,0.15706,2581.39940000,1
1506350989,22211473,0.15706,2500.00000000,0
1506350965,22211406,0.15722,11323.75957257,1
1506350963,22211397,0.15601,1663.85975113,0
1506350897,22211201,0.15601,1357.27001000,1
1506350892,22211188,0.15601,100.00000000,1
1506350879,22211147,0.15600,5265.90268100,1
1506350879,22211146,0.15600,1772.44281200,1
1506350823,22211062,0.15599,63.94679146,0
1506350795,22210992,0.15552,1592.00000000,1
1506350749,22210903,0.15561,100.00000000,1
1506350710,22210772,0.15573,4000.14152200,1
1506350685,22210689,0.15633,6480.23044600,1
1506350684,22210688,0.15634,2253.22445000,1
1506350646,22210598,0.15631,5283.58776700,1
1506350612,22210526,0.15797,205.72797860,1
1506350611,22210525,0.15745,150.00000000,1
1506350610,22210519,0.15745,1227.35535867,0
1506350597,22210444,0.15707,9324.00000000,1
1506350596,22210441,0.15748,1000.00000000,1
1506350488,22210132,0.15839,649.20683124,0
1506350488,22210130,0.15839,2500.00000000,0
1506350474,22210089,0.15843,15.88310294,0
1506350473,22210083,0.15842,299.16030108,1
1506350473,22210079,0.15842,334.82298000,0
1506350473,22210077,0.15841,2500.00000000,0
1506350471,22210068,0.15842,1000.00000000,0
1506350435,22209973,0.15770,316.26702600,0
1506350434,22209970,0.15850,1126.01205047,0
1506350433,22209968,0.15836,711.78810000,0
1506350433,22209967,0.15780,638.17916732,0
1506350433,22209966,0.15777,500.00000000,0
1506350432,22209965,0.15775,314.61298000,1
1506350432,22209964,0.15771,638.84975000,0
1506350432,22209962,0.15767,250.00000000,0
1506350431,22209961,0.15764,59.00000000,0
1506350431,22209959,0.15756,715.37858000,0
1506350431,22209958,0.15755,1573.06491000,0
1506350429,22209954,0.15749,427.77427139,0
1506350341,22209651,0.15735,316.97051160,0
1506350299,22209448,0.15735,3356.79223140,0
1506350299,22209445,0.15691,2618.86572842,0
1506350299,22209442,0.15690,2586.40000000,0
1506350288,22209355,0.15735,66417.67175087,0
1506350287,22209347,0.15693,500.00000000,0
1506350287,22209341,0.15691,608.44977814,0
1506350286,22209336,0.15683,50.00000000,0
1506350286,22209333,0.15683,397.85645000,1
1506350286,22209325,0.15677,719.00545000,0
1506350285,22209316,0.15661,1000.00000000,0
1506350285,22209314,0.15661,1989.28225000,1
1506350285,22209307,0.15658,300.00000000,0
1506350285,22209304,0.15658,200.00000000,0
1506350284,22209295,0.15651,1000.00000000,0
1506350284,22209286,0.15650,3340.11221200,0
1506350284,22209283,0.15650,1500.00000000,0
1506350284,22209280,0.15650,1031.06301000,0
1506350283,22209275,0.15650,1292.44977800,0
1506350283,22209273,0.15649,401.83800200,0
1506350283,22209271,0.15649,1158.44977800,0
1506350281,22209259,0.15631,134.00000000,0
1506350269,22209141,0.15605,0.00000034,0
1506350252,22208918,0.15605,2012.76072200,0
1506350251,22208913,0.15600,500.00000000,0
1506350244,22208846,0.15598,722.62209000,0
1506350241,22208817,0.15538,100.00000000,1
1506350220,22208669,0.15596,731.27755000,0
1506350220,22208666,0.15576,84.00000000,0
1506350217,22208642,0.15520,0.00000048,0
1506350217,22208641,0.15520,726.27528952,0
1506350216,22208640,0.15520,139.15514048,0
1506350210,22208599,0.15520,14.34396694,0
1506350210,22208590,0.15508,113.00000000,0
1506350207,22208579,0.15500,2000.00000000,0
1506350207,22208577,0.15500,3000.00000000,0
1506350207,22208576,0.15500,500.00000000,0
1506350207,22208575,0.15500,1500.00000000,0
1506350207,22208574,0.15499,18.04409745,0
1506350206,22208568,0.15499,6599.51560071,0
1506350206,22208565,0.15499,0.00000001,0
1506350206,22208564,0.15499,2000.00000000,0
1506350206,22208561,0.15499,1400.48439928,0
1506350205,22208552,0.15499,10000.00000000,0
1506350202,22208523,0.15498,594.98583606,0
1506350192,22208431,0.15499,1155.74338446,0
1506350191,22208416,0.15499,1243.74657169,0
1506350188,22208400,0.15499,1180.38613557,0
1506350188,22208399,0.15499,509.80335256,0
1506350166,22208266,0.15499,1490.19664744,0
1506350166,22208264,0.15499,2000.00000000,0
1506350166,22208261,0.15499,9.80335256,0
1506350153,22208221,0.15499,4785.03694644,0
1506350153,22208220,0.15499,2000.00000000,0
1506350153,22208219,0.15499,2000.00000000,0
1506350153,22208217,0.15499,2000.00000000,0
1506350153,22208216,0.15499,2000.00000000,0
1506350153,22208214,0.15499,2000.00000000,0
1506350152,22208212,0.15499,2000.00000000,0
1506350152,22208209,0.15499,2000.00000000,0
1506350152,22208208,0.15499,2000.00000000,0
1506350152,22208206,0.15499,2000.00000000,0
1506350152,22208204,0.15499,112.00000000,0
1506350152,22208203,0.15499,2000.00000000,0
1506350152,22208201,0.15499,2000.00000000,0
1506350152,22208200,0.15499,2030.23949200,0
1506350152,22208198,0.15499,4000.00000000,0
1506350151,22208196,0.15499,2645.74468839,0
1506350151,22208195,0.15499,300.30393002,0
1506350151,22208193,0.15499,2647.06758200,0
1506350151,22208192,0.15499,1789.82765800,0
1506350151,22208191,0.15499,2000.00000000,0
1506350151,22208189,0.15499,2000.00000000,0
1506350151,22208188,0.15499,2000.00000000,0
1506350151,22208186,0.15499,2000.00000000,0
1506350150,22208185,0.15499,452.28554000,0
1506350150,22208183,0.15499,9179.22061000,0
1506350150,22208181,0.15499,3881.91962740,0
1506350132,22208125,0.15499,2873.72349418,0
1506350132,22208123,0.15499,4502.53779218,0
1506350132,22208122,0.15499,2749.21314364,0
1506350132,22208120,0.15480,100.00000000,0
1506350114,22208088,0.15480,8599.77637200,0
1506350074,22207993,0.15469,2000.00000000,1
1506350021,22207906,0.15468,3582.16735600,1
1506350015,22207900,0.15468,107.00000000,1
1506350000,22207886,0.15479,773.31054978,0
1506349976,22207849,0.15468,603.79000000,1
1506349947,22207778,0.15468,1892.16337100,1
1506349939,22207747,0.15468,824.52093200,1
1506349935,22207740,0.15480,5958.95979883,0
1506349935,22207739,0.15479,4429.18162114,0
1506349933,22207738,0.15478,2500.00000000,0
1506349912,22207669,0.15468,2000.00000000,1
1506349908,22207665,0.15468,4674.16535600,1
1506349905,22207663,0.15468,2475.70000000,1
1506349876,22207599,0.15478,1611.12546840,0
1506349852,22207530,0.15468,703.20000000,1
1506349774,22207197,0.15472,1500.00000000,1
1506349770,22207177,0.15472,10000.00000000,1
1506349768,22207164,0.15472,2500.00000000,0
1506349709,22206818,0.15432,2185.31231400,1
1506349667,22206528,0.15475,1000.00000000,1
1506349646,22206371,0.15479,1574.06592592,1
1506349645,22206369,0.15479,2114.34847200,1
1506349641,22206337,0.15479,1531.45959455,1
1506349640,22206327,0.15479,10000.00000000,1
1506349637,22206307,0.15460,10000.00000000,0
1506349637,22206305,0.15460,8106.56719008,0
1506349633,22206272,0.15479,301.61138265,1
1506349633,22206270,0.15480,1591.82142727,1
1506349633,22206267,0.15480,10000.00000000,1
1506349632,22206264,0.15480,10000.00000000,1
1506349629,22206244,0.15480,10000.00000000,1
1506349629,22206240,0.15480,10000.00000000,1
1506349629,22206238,0.15480,10000.00000000,1
1506349629,22206236,0.15480,10000.00000000,1
1506349628,22206230,0.15480,2114.62453577,1
1506349628,22206228,0.15480,10000.00000000,1
1506349624,22206177,0.15480,400.42098000,1
1506349623,22206160,0.15480,1548.40104849,1
1506349620,22206126,0.15480,3689.73200847,0
1506349611,22206046,0.15479,100.00000000,1
1506349607,22205999,0.15480,310.26799153,0
1506349607,22205989,0.15479,400.00000000,0
1506349605,22205961,0.15471,63.04536845,0
1506349604,22205960,0.15471,599.80544831,0
1506349599,22205905,0.15455,7454.15855844,0
1506349599,22205903,0.15450,100.00000000,0
1506349596,22205868,0.15425,4629.60607506,0
1506349592,22205828,0.15425,535.72335222,0
1506349592,22205817,0.15425,971.92970043,0
1506349589,22205768,0.15441,270.95517173,1
1506349585,22205728,0.15423,370.26828000,0
1506349583,22205702,0.15413,1307.86032540,1
1506349583,22205699,0.15422,92.56706004,1
1506349583,22205694,0.15424,102.85230000,1
1506349583,22205692,0.15424,102.85230000,1
1506349583,22205688,0.15424,102.85230000,1
1506349583,22205682,0.15424,102.85230000,1
1506349583,22205676,0.15424,102.85230000,1
1506349582,22205673,0.15424,102.85230000,1
1506349582,22205665,0.15441,409.67698351,1
1506349581,22205647,0.15441,186.68395726,0
1506349579,22205618,0.15441,543.28165274,0
1506349579,22205614,0.15422,102.85228894,0
1506349578,22205605,0.15413,401.77182124,1
1506349578,22205604,0.15413,250.00000000,1
1506349575,22205565,0.15422,397.14771106,0
1506349574,22205544,0.15401,250.00000000,0
1506349569,22205487,0.15390,166.55731681,0
1506349567,22205464,0.15388,1636.64669000,0
1506349567,22205460,0.15380,2005.16777000,0
1506349567,22205458,0.15380,994.83223000,0
1506349567,22205453,0.15375,100.00000000,0
1506349567,22205449,0.15368,6805.00000000,0
1506349567,22205447,0.15364,1366.52280000,0
1506349566,22205445,0.15364,733.64497000,0
1506349565,22205432,0.15359,250.00000000,1
1506349563,22205422,0.15359,125.00000000,0
1506349563,22205421,0.15358,6734.91792000,0
1506349563,22205418,0.15355,0.00001224,0
1506349561,22205399,0.15355,44.99998776,0
1506349561,22205397,0.15350,44.00000000,0
1506349561,22205394,0.15348,1171.90971224,0
1506349556,22205326,0.15348,199.09028776,0
1506349556,22205324,0.15331,6.40000000,0
1506349553,22205299,0.15331,57.60000000,0
1506349487,22204743,0.15319,898.88227600,1
1506349487,22204741,0.15319,2865.32670000,1
1506349485,22204726,0.15287,737.36161000,0
1506349485,22204725,0.15272,0.00000013,0
1506349481,22204701,0.15272,2360.77588800,0
1506349477,22204666,0.15260,100.00000000,0
1506349472,22204623,0.15250,77.07362841,0
1506349472,22204619,0.15250,1223.22151869,0
1506349462,22204555,0.15250,6561.70566200,0
1506349461,22204553,0.15250,628.39384223,0
1506349461,22204548,0.15250,9003.95785917,0
1506349460,22204545,0.15249,1928.68898883,0
1506348942,22203771,0.15250,2801.64748950,0
1506348942,22203770,0.15250,916.15403745,0
1506348942,22203769,0.15249,1220.45277000,0
1506348942,22203768,0.15239,250.00000000,0
1506348941,22203767,0.15238,44.69696969,0
1506348580,22203450,0.15248,3270.92077649,0
1506348472,22203364,0.15161,1000.00000000,1
1506348348,22203184,0.15223,5170.93546900,1
1506348346,22203183,0.15223,1383.65180000,0
1506348297,22203135,0.15231,995.57527411,0
1506348224,22203106,0.15199,52.50371735,0
1506347699,22202844,0.15249,654.14125516,0
1506347467,22202698,0.15179,361.42038342,0
1506347452,22202690,0.15249,2733.16269919,1
1506347452,22202689,0.15249,2500.00000000,0
1506346937,22202445,0.15249,1517.67283100,0
1506346935,22202443,0.15209,118.00000000,0
1506346699,22202316,0.15275,2798.59452935,0
1506346698,22202314,0.15287,3518.90554065,1
1506346698,22202313,0.15279,672.99999971,0
1506346698,22202312,0.15276,2122.51492000,0
1506346697,22202311,0.15275,1373.50700000,1
1506346697,22202310,0.15250,70.00000000,0
1506346697,22202309,0.15249,424.50298000,0
1506346696,22202308,0.15211,49.00000000,0
1506346696,22202307,0.15209,741.11610000,0
1506346696,22202306,0.15200,2591.06254755,0
1506346694,22202305,0.15199,5425.13892519,0
1506346693,22202303,0.15161,446.26108300,1
1506346646,22202285,0.15199,2820.92316400,0
1506346603,22202253,0.15199,65.59642081,0
1506346457,22202201,0.15199,3005.05149000,0
1506345874,22201915,0.15160,49.96884957,0
1506345860,22201902,0.15160,9943.77000000,0
1506345820,22201883,0.15160,1706.92399100,0
1506345789,22201858,0.15160,2399.33715943,0
1506345789,22201857,0.15149,118.00000000,0
1506345197,22201524,0.15197,9846.73692176,0
1506345093,22201462,0.15196,459.46301658,0
1506345050,22201428,0.15116,3285.11136300,1
1506344993,22201398,0.15199,400.00000000,1
1506344864,22201288,0.15200,737.43421052,0
1506344863,22201287,0.15200,575.00000000,0
1506344800,22201252,0.15199,830.70925837,0
1506344800,22201251,0.15199,2427.54589000,0
1506344800,22201250,0.15199,220.00000000,0
1506344656,22201148,0.15195,1315.44659427,0
1506344655,22201145,0.15190,188.64252966,0
1506344655,22201144,0.15175,1573.00000000,0
1506344653,22201143,0.15173,208.02223907,0
1506344600,22201102,0.15100,4297.12166100,0
1506344600,22201101,0.15100,10000.00000000,0
1506344600,22201100,0.15100,10000.00000000,0
1506344599,22201099,0.15100,1388.96912900,0
1506344599,22201098,0.15100,7313.90921000,0
1506344599,22201097,0.15099,2686.09079000,0
1506344599,22201096,0.15099,1937.80614000,0
1506344599,22201095,0.15099,4623.89693000,0
1506344599,22201094,0.15099,3438.29693000,0
1506344595,22201089,0.15099,1185.60000000,0
1506344584,22201069,0.15097,118.00000000,0
1506344301,22200873,0.15093,1491.89000000,1
1506344297,22200872,0.15094,40.00000000,0
1506344269,22200856,0.15091,1491.89000000,1
1506344125,22200790,0.15091,1618.41755300,1
1506343959,22200697,0.15120,3297.75925681,0
1506343898,22200675,0.15091,6607.38188300,1
1506343831,22200652,0.15091,4512.35835900,1
1506343699,22200615,0.15130,395.57171183,0
1506343312,22200461,0.15130,56.40914000,0
1506343312,22200460,0.15111,170.00000000,0
1506343198,22200350,0.15092,7167.75000000,1
1506343062,22200234,0.15147,6841.67300049,1
1506343062,22200233,0.15147,2599.97294500,1
1506343060,22200229,0.15147,2216.68105451,1
1506343059,22200228,0.15147,6841.67300000,0
1506342879,22200161,0.15159,658.02493568,0
1506342693,22200105,0.15158,65.80723051,0
1506342650,22200098,0.15159,658.02493568,0
1506342238,22199935,0.15113,159.95963739,0
1506342236,22199934,0.15109,170.00000000,0
1506342074,22199886,0.15100,8753.53799100,1
1506342072,22199883,0.15100,1598.77901900,1
1506342071,22199882,0.15100,2877.14770500,1
1506342070,22199877,0.15100,787.83950451,1
1506342069,22199876,0.15100,750.00000000,1
1506342069,22199875,0.15100,2944.85627549,1
1506341770,22199738,0.15163,328.92771879,0
1506341282,22199526,0.15101,98.94582600,1
1506341010,22199365,0.15195,158.10134912,0
1506341009,22199364,0.15190,188.76100132,1
1506341009,22199361,0.15190,173.45732486,1
1506341009,22199360,0.15190,333.32022134,0
1506340861,22199258,0.15183,3115.39228084,0
1506340859,22199255,0.15143,170.00000000,0
1506340632,22199192,0.15105,5768.42597400,1
1506340632,22199191,0.15107,4608.47496600,1
1506340632,22199190,0.15108,17402.43206000,1
1506340477,22199125,0.15103,5827.18433400,1
1506340477,22199124,0.15121,687.18000000,1
1506340453,22199104,0.15189,1860.08977176,0
1506340453,22199103,0.15182,491.08772358,0
1506340453,22199102,0.15150,155.33000000,0
1506340453,22199101,0.15150,150.00000000,0
1506340453,22199100,0.15144,178.23548218,0
1506340453,22199099,0.15140,10165.25702248,0
1506340365,22199058,0.15121,612.82000000,1
1506340269,22198968,0.15140,218.22324966,0
1506340262,22198955,0.15140,2182.88639365,0
1506340177,22198907,0.15140,36.19185000,0
1506340152,22198870,0.15140,259.82649362,0
1506340099,22198840,0.15121,123.00000000,0
1506339074,22198360,0.15140,2706.21605019,0
1506339074,22198359,0.15139,3708.05150000,0
1506339073,22198358,0.15135,3946.88428000,1
1506339072,22198357,0.15135,2490.17002361,0
1506338859,22198241,0.15135,1812.40256800,0
1506338842,22198231,0.15135,5697.42740839,0
1506338842,22198230,0.15134,4405.60574000,0
1506338842,22198229,0.15133,187.00000000,0
1506338842,22198228,0.15133,890.90322161,0
1506338834,22198219,0.15132,329.56648162,0
1506338792,22198191,0.15132,90.88111000,0
1506338737,22198157,0.15100,92.13015762,1
1506338546,22198091,0.15128,6500.90717000,0
1506338533,22198087,0.15122,239.78164263,0
1506338531,22198086,0.15114,123.00000000,0
1506338383,22197962,0.15100,8254.35796900,1
1506337631,22197618,0.15100,5338.43694789,1
1506337261,22197495,0.15133,1524.87000000,0
1506337227,22197472,0.15133,206.80737461,0
1506337225,22197469,0.15105,123.00000000,0
1506337130,22197400,0.15133,995.33099848,0
1506337032,22197280,0.15070,80.00000000,1
1506336927,22197165,0.15131,1977.72784350,1
1506336889,22197146,0.15131,329.58826250,0
1506336761,22197068,0.15133,444.92169431,0
1506336382,22196832,0.15140,11591.39894040,0
1506336382,22196831,0.15140,1987.98241206,0
1506336382,22196830,0.15135,491.23062000,0
1506336382,22196828,0.15135,2456.15309000,0
1506336382,22196826,0.15100,2000.00000000,0
1506336382,22196824,0.15100,350.00000000,0
1506336381,22196823,0.15100,4942.13045754,0
1506336381,22196822,0.15099,450.00000000,0
1506336091,22196521,0.15025,8064.20135815,0
1506336030,22196490,0.15025,823.23307820,0
1506336011,22196488,0.15017,383.00000000,0
1506335907,22196455,0.15025,100.00000000,0
1506335363,22196250,0.15025,2523.34466465,0
1506335308,22196210,0.15025,2120.00000000,0
1506335273,22196192,0.15001,1602.31587440,1
1506335169,22196172,0.15025,2273.36059900,0
1506335168,22196170,0.15013,383.00000000,0
1506335081,22196129,0.15000,482.41590000,1
1506334948,22196047,0.15000,648.17056294,1
1506334744,22195938,0.14998,673.59150635,1
1506334744,22195937,0.14999,694.88324042,1
1506334742,22195935,0.15000,2918.61531711,1
1506334641,22195914,0.15000,4592.38468289,1
1506334299,22195771,0.15025,2315.86030000,0
1506334059,22195685,0.15000,134.31460000,0
1506334052,22195681,0.15000,3324.99999900,0
1506333983,22195663,0.15023,4315.90927245,0
1506333950,22195646,0.15023,36.45257000,0
1506333881,22195619,0.15000,1857.62741262,0
1506333881,22195618,0.15000,383.00000000,0
1506333881,22195617,0.15000,3507.76547438,0
1506333699,22195478,0.15000,649.36000000,0
1506333595,22195414,0.15000,120.00000000,0
1506333256,22195342,0.15000,300.00000000,0
1506333110,22195273,0.15000,1000.00000000,0
1506333086,22195269,0.15000,66.50040000,0
1506333053,22195261,0.15000,6729.84200000,0
1506332950,22195219,0.15000,1330.00000000,0
1506332868,22195203,0.15000,1121.92443778,0
1506332866,22195201,0.15000,1533.54855905,0
1506332863,22195198,0.15000,1532.03618190,0
1506332859,22195194,0.15000,1530.46776611,0
1506332857,22195191,0.15000,1528.95538897,0
1506332854,22195187,0.15000,1527.44301182,0
1506332851,22195183,0.15000,1525.93070131,0
1506332847,22195180,0.15000,1524.41832417,0
1506332844,22195176,0.15000,1522.84990837,0
1506332840,22195170,0.15000,1521.33753123,0
1506332837,22195167,0.15000,1519.82515408,0
1506332834,22195164,0.15000,1518.22775279,0
1506332831,22195160,0.15000,1516.71550891,0
1506332829,22195157,0.15000,1515.11837414,0
1506332825,22195149,0.15000,1513.60619690,0
1506332822,22195140,0.15000,1512.09395302,0
1506332818,22195136,0.15000,1510.58177577,0
1506332815,22195132,0.15000,1509.06953190,0
1506332811,22195128,0.15000,1507.61332666,0
1506332809,22195125,0.15000,1506.10114942,0
1506332806,22195121,0.15000,1504.58890554,0
1506332801,22195117,0.15000,1503.07672830,0
1506332798,22195114,0.15000,1501.48045977,0
1506332792,22195111,0.15000,1500.02432117,0
1506332789,22195107,0.15000,1498.51221056,0
1506332786,22195104,0.15000,1497.00009995,0
1506332782,22195101,0.15000,1497.47199733,0
1506332778,22195094,0.15000,193.01595868,0
1506332775,22195091,0.15000,192.84770947,0
1506332771,22195087,0.15000,192.62342162,0
1506332768,22195083,0.15000,192.45517241,0
1506332766,22195079,0.15000,192.28692320,0
1506332762,22195075,0.15000,192.06263534,0
1506332758,22195072,0.15000,191.89438614,0
1506332756,22195069,0.15000,191.67009828,0
1506332753,22195066,0.15000,191.50184907,0
1506332750,22195063,0.15000,191.33366650,0
1506332747,22195054,0.15000,1441.29355322,0
1506332743,22195050,0.15000,1627.35765450,0
1506332739,22195046,0.15000,1625.73346660,0
1506332731,22195039,0.15000,928.94997776,0
1506332731,22195037,0.14999,694.51449000,0
1506332727,22195033,0.15000,1621.84021322,0
1506332725,22195028,0.15000,1620.21595868,0
1506332721,22195024,0.15000,1618.59170414,0
1506332717,22195019,0.15000,1616.96751624,0
1506332715,22195016,0.15000,1615.39923371,0
1506332711,22195011,0.15000,1613.77497917,0
1506332706,22195004,0.15000,1612.15072463,0
1506332703,22194966,0.15000,1610.47049808,0
1506332700,22194962,0.15000,1609.20659670,0
1506332696,22194953,0.15000,1607.63798100,0
1506332692,22194948,0.15000,1605.92343828,0
1506332691,22194945,0.15000,1995.00000000,0
1506332689,22194944,0.14999,525.70747000,0
1506332648,22194900,0.15000,43225.00000000,0
1506332645,22194894,0.15000,2459.80329835,0
1506332642,22194892,0.15000,2663.22282432,0
1506332641,22194890,0.15000,12432.27813000,0
1506332641,22194889,0.14999,624.60294000,0
1506332575,22194858,0.15000,5092.29826000,0
1506332575,22194857,0.14999,742.10250000,0
1506332403,22194791,0.14976,448.00000000,0
1506332238,22194721,0.15000,272.78300000,0
1506332231,22194718,0.15000,368.00000000,0
1506332211,22194709,0.15000,19955.12050000,0
1506332066,22194670,0.15000,997.43350000,0
1506331879,22194626,0.15000,3500.00000000,0
1506331826,22194609,0.15000,5930.44053333,0
1506331571,22194407,0.15000,1330.00826667,0
1506331549,22194403,0.15000,16.05293000,0
1506331549,22194402,0.14999,183.94707000,0
1506331496,22194373,0.15000,1776.47606666,0
1506331494,22194372,0.14999,218.55098000,0
1506331259,22194061,0.14999,133.00966731,0
1506331218,22194050,0.15000,3935.05506666,0
1506331218,22194049,0.14999,273.14355000,0
1506331217,22194048,0.14977,448.00000000,0
1506331043,22193964,0.14999,100.00000000,0
1506331018,22193924,0.14951,275.00000000,1
1506330957,22193899,0.14999,53.20381359,0
1506330931,22193876,0.14950,47.00000000,1
1506330918,22193872,0.15000,689.23197073,0
1506330916,22193870,0.14999,353.34751000,0
1506330583,22193733,0.14954,1943.30310000,1
1506330583,22193732,0.14955,420.69690000,1
1506330582,22193731,0.15000,1843.44000000,0
1506330581,22193728,0.15000,4169.93118000,0
1506330581,22193727,0.14999,419.81882000,0
1506330261,22193549,0.15000,6301.20536000,0
1506330261,22193547,0.14999,498.79464000,0
1506330167,22193494,0.14999,174.81554000,1
1506330164,22193493,0.15000,15000.00000000,0
1506330154,22193488,0.14999,625.51339000,1
1506330140,22193486,0.14999,743.18422000,1
1506330127,22193474,0.14999,1049.09840000,1
1506330115,22193471,0.15000,512.00000033,0
1506330114,22193470,0.14999,1246.45354000,1
1506330110,22193469,0.14999,1480.93491000,0
1506330015,22193419,0.14999,1012.31442000,0
1506330015,22193418,0.14977,448.00000000,0
1506329985,22193337,0.15000,6216.92076000,0
1506329985,22193336,0.14999,1640.44035000,0
1506329977,22193321,0.14999,1139.34175500,0
1506329708,22193182,0.14999,171.87719227,0
1506329588,22193091,0.15000,6497.11277953,0
1506329588,22193090,0.14999,1884.67659245,0
1506329588,22193089,0.14999,33.25241683,0
1506329587,22193085,0.14999,617.01633000,0
1506329586,22193083,0.14999,1.24716072,1
1506329585,22193078,0.14999,2536.19250000,0
1506329441,22192970,0.14999,822.74100000,0
1506329353,22192912,0.14999,304.25600000,0
1506329275,22192857,0.14999,1049.06993799,0
1506329252,22192845,0.15000,6521.09983400,0
1506329252,22192844,0.14999,3208.46977000,0
1506329237,22192830,0.14999,3325.42116000,0
1506329153,22192788,0.14999,425.42836189,0
1506329151,22192785,0.14975,240.00000000,0
1506328957,22192472,0.14949,693.05354946,1
1506328819,22192419,0.15000,2426.56275205,1
1506328815,22192409,0.15000,1223.78290186,1
1506328811,22192405,0.15000,563.26331977,1
1506328802,22192401,0.15000,399.00000000,0
1506328800,22192396,0.14950,107.60820000,1
1506328702,22192369,0.15000,1999.25151759,1
1506328696,22192360,0.15000,502.19712278,1
1506328692,22192358,0.15000,1497.55173232,1
1506328620,22192257,0.15000,999.50024987,1
1506328476,22192114,0.15028,331.84721852,0
1506328449,22192099,0.14950,315.70811200,1
1506328391,22192086,0.15001,6590.31467000,1
1506328384,22192077,0.15060,710.24312084,0
1506328384,22192076,0.15059,803.73454000,0
1506328383,22192075,0.15032,4018.67271000,0
1506328383,22192074,0.15003,582.04088146,0
1506328383,22192073,0.15003,2441.71710754,0
1506328381,22192071,0.15002,4727.71436314,0
1506328298,22192006,0.15000,1662.51033333,0
1506328203,22191935,0.15000,779.18608710,0
1506328202,22191934,0.15000,883.49011290,0
1506328047,22191813,0.14999,235.21968673,1
1506328047,22191811,0.14999,430.23864426,1
1506328047,22191809,0.15000,0.00009958,1
1506328046,22191808,0.15000,4318.55180000,1
1506328046,22191806,0.15000,6281.40570058,1
1506328046,22191805,0.15000,1500.00000000,1
1506328046,22191803,0.15000,1441.97832376,1
1506328046,22191802,0.15000,419.02167624,1
1506328046,22191801,0.15001,246.43682100,1
1506328045,22191799,0.15002,2500.00000000,0
1506328045,22191796,0.15001,4737.57350900,1
1506328044,22191792,0.15003,0.00007495,1
1506328044,22191789,0.15003,582.33186696,1
1506328041,22191779,0.15003,1917.66805809,1
1506328041,22191778,0.15050,0.00000053,1
1506328038,22191773,0.15050,97.31868406,1
1506328038,22191772,0.15051,1.93056594,1
1506328007,22191733,0.15051,3861.10799411,1
1506328003,22191718,0.15051,4699.78246667,1
1506328000,22191705,0.15051,4699.78246667,1
1506327997,22191695,0.15051,1737.39650661,1
1506327997,22191692,0.15051,3060.22769760,1
1506327980,22191679,0.15051,62991.76341100,1
1506327980,22191678,0.15052,10974.25365700,1
1506327939,22191645,0.15052,2110.15838000,1
1506327931,22191638,0.15052,1915.58796300,1
1506327847,22191609,0.15059,18735.60675700,1
1506327844,22191608,0.15058,81.56772972,0
1506327844,22191606,0.15058,932.38994644,0
1506327690,22191560,0.15051,4698.76591363,1
1506327690,22191559,0.15052,5221.09295000,1
1506327690,22191558,0.15052,9949.68596137,1
1506327688,22191557,0.15052,1766.74160200,1
1506327617,22191523,0.15052,3283.57243663,1
1506327612,22191520,0.15069,66.19589887,1
1506327612,22191518,0.15069,66.19589887,1
1506327586,22191494,0.15053,5558.62078000,1
1506327581,22191490,0.15053,100.00000000,1
1506327504,22191429,0.15100,185.00000000,1
1506327490,22191402,0.15111,52.42886200,1
1506327490,22191401,0.15111,5739.93510000,1
1506327490,22191400,0.15111,7789.28625200,1
1506327490,22191399,0.15111,1418.34978600,1
1506327489,22191397,0.15112,702.58173000,1
1506327094,22191151,0.15102,3261.06674612,0
1506327092,22191150,0.15080,240.00000000,0
1506326184,22190687,0.15142,698.15901023,1
1506326184,22190686,0.15133,430.78460769,0
1506326184,22190685,0.15102,2973.44145141,0
1506326182,22190684,0.15101,2500.00000000,0
1506325683,22190342,0.15051,1122.68008399,1
1506325683,22190341,0.15089,0.00000001,1
1506325481,22190241,0.15089,2000.00000000,1
1506325452,22190230,0.15089,14980.36049100,1
1506325444,22190226,0.15089,2000.00000000,1
1506325425,22190216,0.15089,2000.00000000,1
1506325404,22190208,0.15089,4794.84029900,1
1506325367,22190198,0.15089,2000.00000000,1
1506325362,22190195,0.15089,2000.00000000,1
1506325351,22190189,0.15089,2000.00000000,1
1506325349,22190188,0.15089,2000.00000000,1
1506325340,22190187,0.15120,3168.54788359,0
1506325339,22190186,0.15100,2002.00000000,0
1506325339,22190185,0.15098,1214.14241131,0
1506325339,22190184,0.15093,112.00000000,0
1506325338,22190183,0.15091,112.00000000,0
1506325328,22190178,0.15089,2000.00000000,1
1506325318,22190173,0.15089,2000.00000000,1
1506325293,22190165,0.15089,2000.00000000,1
1506325270,22190154,0.15089,2000.00000000,1
1506325257,22190146,0.15089,2000.00000000,1
1506325236,22190135,0.15089,112.00000000,1
1506325215,22190118,0.15089,2000.00000000,1
1506325177,22190093,0.15089,2000.00000000,1
1506325174,22190090,0.15089,2030.23949200,1
1506325166,22190086,0.15089,4000.00000000,1
1506325156,22190083,0.15089,2645.74468839,1
1506325156,22190082,0.15089,300.30393002,1
1506325156,22190080,0.15089,2647.06758200,1
1506325092,22190045,0.15089,1789.82765800,1
1506325065,22190042,0.15089,2000.00000000,1
1506325042,22190038,0.15089,2000.00000000,1
1506325017,22190024,0.15089,2000.00000000,1
1506324996,22190011,0.15089,2000.00000000,1
1506324943,22189998,0.15090,2000.00000000,1
1506324879,22189970,0.15089,452.28554000,1
1506324814,22189895,0.15089,9179.22061000,1
1506324805,22189884,0.15089,6755.64312158,1
1506324805,22189883,0.15090,0.00000042,1
1506324805,22189882,0.15090,1045.64896900,1
1506324797,22189862,0.15090,4742.79692058,1
1506324744,22189804,0.15089,4502.53779218,1
1506324744,22189803,0.15090,6396.45470000,1
1506324744,22189802,0.15090,678.26375082,1
1506324612,22189717,0.15090,2054.66226900,1
1506324518,22189591,0.15051,3044.65894055,0
1506324224,22189183,0.15050,1500.00000000,1
1506324224,22189182,0.15051,6901.49971500,1
1506324094,22189015,0.15031,112.00000000,0
1506324000,22188968,0.15019,78.11745000,1
1506323200,22188498,0.15040,3209.27630861,1
1506322913,22188383,0.15042,2563.74508300,1
1506322828,22188305,0.15052,33.88254053,0
1506322687,22188266,0.15040,1190.72369139,1
1506321725,22187792,0.15069,3484.52745642,0
1506321725,22187791,0.15069,3118.55622531,0
1506321665,22187773,0.15097,522.27906206,1
1506321663,22187772,0.15059,139.00000000,0
1506321588,22187745,0.15012,5679.42814600,1
1506320996,22187323,0.15014,3283.20340900,1
1506320996,22187322,0.15015,6881.19155000,1
1506320953,22187266,0.15050,2002.00000000,1
1506320950,22187265,0.15051,964.00093700,1
1506320949,22187264,0.15052,6305.28949000,1
1506320933,22187251,0.15053,2013.31181000,1
1506320586,22186872,0.15144,321.76469875,0
1506320585,22186871,0.15141,898.00660000,1
1506320585,22186870,0.15133,744.85886000,0
1506320585,22186869,0.15127,4490.03299000,0
1506320584,22186868,0.15074,139.00000000,0
1506320447,22186808,0.15085,6361.19191000,1
1506320443,22186805,0.15122,7394.10531166,1
1506320442,22186804,0.15122,509.66679500,1
1506320345,22186757,0.15122,1000.00000000,1
1506320212,22186677,0.15122,2300.51748000,1
1506319977,22186573,0.15122,3412.20837403,0
1506319909,22186487,0.15085,139.00000000,0
1506319784,22186326,0.15045,2000.00000000,1
1506319325,22186236,0.15068,800.00000000,1
1506318648,22186004,0.15051,2297.46375000,0
1506318647,22186003,0.15071,6330.94625000,1
1506318647,22186000,0.15072,2459.16000000,1
1506318160,22185838,0.15100,3009.06867549,0
1506318159,22185837,0.15061,96.00000000,0
1506317952,22185791,0.15011,2343.49584000,1
1506317890,22185776,0.15111,3651.02584700,1
1506317671,22185732,0.15111,2104.28798300,1
1506317671,22185731,0.15111,11426.70446000,1
1506317671,22185730,0.15111,2817.98171000,1
1506317671,22185729,0.15112,3774.36451200,1
1506317671,22185728,0.15112,951.38096800,1
1506317654,22185717,0.15112,1670.07652900,1
1506317552,22185662,0.15119,5395.05490000,1
1506317519,22185652,0.15118,592.68900000,1
1506317519,22185650,0.15118,968.98026000,1
1506317518,22185645,0.15118,2452.69129812,1
1506317518,22185643,0.15118,1354.03980098,1
1506317517,22185641,0.15118,609.07799600,1
1506317516,22185637,0.15118,1434.21133427,1
1506317515,22185632,0.15118,609.12658479,1
1506317514,22185629,0.15118,1832.39057000,1
1506317513,22185627,0.15118,1364.71730000,1
1506317512,22185624,0.15118,4497.85928400,1
1506317511,22185623,0.15118,2440.60134328,1
1506317509,22185617,0.15118,597.62900000,1
1506317509,22185616,0.15118,1832.34303480,1
1506317507,22185613,0.15106,3490.82090000,0
1506317507,22185612,0.15105,2291.58579967,0
1506317208,22185467,0.15090,74.45883366,0
1506317208,22185465,0.15085,400.00000000,0
1506317208,22185464,0.15043,0.48000000,0
1506317207,22185461,0.15043,95.52000000,0
1506316361,22184999,0.15085,301.02923433,1
1506316359,22184998,0.15048,96.00000000,0
1506316298,22184977,0.15085,4663.56069551,1
1506316298,22184975,0.15090,176.21621149,1
1506315601,22184730,0.15090,99.51398000,1
1506314914,22184426,0.15130,595.07615330,0
1506314400,22184056,0.15123,1.48601077,1
1506314289,22183963,0.15130,1515.85657581,0
1506314289,22183962,0.15126,181.87432819,0
1506314288,22183961,0.15126,554.92753100,0
1506314211,22183913,0.15126,1302.26909600,0
1506314133,22183866,0.15100,2000.00000000,0
1506314133,22183865,0.15100,126.81398923,0
1506314081,22183829,0.15100,489.16058000,0
1506314044,22183785,0.15100,154.06530000,0
1506314020,22183760,0.15100,3521.25534200,0
1506314003,22183740,0.15100,124.55241000,0
1506313980,22183691,0.15100,1173.53449200,0
1506313959,22183656,0.15100,2796.90876416,0
1506313953,22183641,0.15100,2591.63293889,0
1506313951,22183636,0.15099,3765.88161000,0
1506313948,22183622,0.15090,1373.79240000,1
1506313947,22183620,0.15090,1535.12477998,0
1506313945,22183605,0.15090,1636.05231788,0
1506313938,22183562,0.15084,16869.11664000,0
1506313873,22183390,0.15088,528.95314157,0
1506313528,22182880,0.15057,561.72046224,0
1506313526,22182874,0.15032,101.00000000,0
1506313304,22182604,0.15017,5253.79337000,1
1506313304,22182603,0.15018,6637.20663000,1
1506312210,22181767,0.15038,705.00000000,0
1506312121,22181654,0.15020,101.00000000,0
1506311888,22181539,0.15001,3983.43571954,1
1506311874,22181534,0.15000,4648.91071090,0
1506311870,22181516,0.15000,425.11450941,0
1506311864,22181510,0.14999,2440.93905923,0
1506311860,22181505,0.14999,1260.89428619,0
1506311858,22181503,0.14999,420.11205229,1
1506311858,22181502,0.14999,420.11205229,1
1506311857,22181501,0.15000,2521.78857238,0
1506311850,22181497,0.14999,9040.31045300,0
1506311850,22181496,0.15001,1546.52273000,1
1506311848,22181495,0.15002,6752.16681700,1
1506311121,22181149,0.15091,1328.82290214,1
1506311119,22181144,0.15091,5429.52223200,1
1506311118,22181141,0.15091,2392.48118586,1
1506311070,22181118,0.15091,10455.01842600,1
1506311069,22181117,0.15091,5394.15525400,1
1506310892,22181019,0.15086,34.74910000,0
1506310892,22181018,0.15048,98.00000000,0
1506310210,22180680,0.15047,98.00000000,0
1506309350,22180321,0.15000,98.00000000,1
1506308252,22179713,0.15066,212.53000000,1
1506307767,22179471,0.15099,264.25750050,0
1506307763,22179469,0.15099,264.25750050,0
1506307735,22179451,0.15095,635.61012763,0
1506307731,22179441,0.15095,859.19743010,0
1506307355,22179057,0.15056,748.63961000,0
1506307346,22179009,0.15055,1971.47581972,0
1506307344,22179006,0.15055,528.52418028,0
1506307265,22178919,0.15002,2101.17553216,1
1506307042,22178804,0.15011,37.00000000,0
1506307020,22178768,0.15000,1974.82400000,1
1506306970,22178719,0.15000,6523.95806800,0
1506306968,22178715,0.15000,23039.24256219,0
1506306968,22178714,0.14999,2377.49872000,0
1506306968,22178713,0.14993,1339.35038162,0
1506306968,22178712,0.14979,100.00000000,0
1506306382,22177580,0.14893,1608.92479600,1
1506306382,22177578,0.14894,3355.40649200,1
1506306381,22177571,0.14894,2692.84760700,1
1506306381,22177567,0.14895,6990.56869000,1
1506304714,22176079,0.14837,1337.79429000,1
1506304713,22176077,0.14837,299.02025000,1
1506304713,22176076,0.14837,4082.85345000,1
1506304713,22176075,0.14837,4101.73337000,1
1506304713,22176074,0.14838,241.94053000,1
1506304713,22176073,0.14838,4381.87830000,1
1506304712,22176072,0.14838,4343.67390000,1
1506299865,22175186,0.14837,3722.73864440,0
1506299865,22175185,0.14837,1715.63715035,0
1506299863,22175184,0.14836,1406.65980000,0
1506298546,22174875,0.14818,1938.93800000,1
