date,tid,price,amount,type
1506383635,22239300,0.18399,1719.31859557,0
1506383633,22239298,0.18398,573.61740000,0
1506383633,22239297,0.18398,3900.00000000,0
1506383460,22239282,0.18399,146.38110767,0
1506383441,22239278,0.18399,2.29840752,1
1506383437,22239276,0.18399,873.89022000,0
1506383348,22239254,0.18399,703.91600638,1
1506383335,22239252,0.18399,1366.02627000,1
1506383322,22239247,0.18399,1623.00151000,1
1506383309,22239244,0.18399,1928.31863000,1
1506383296,22239239,0.18399,2291.07164000,1
1506383293,22239235,0.18399,40000.00000000,1
1506383282,22239232,0.18399,2722.06531000,1
1506383269,22239230,0.18399,3234.13700000,1
1506383256,22239210,0.18399,3842.53902000,1
1506383243,22239199,0.18399,4565.39289000,1
1506383232,22239196,0.18399,5424.22918000,0
1506382942,22239161,0.18399,15.58368434,0
1506382942,22239160,0.18398,62.05033566,0
1506382942,22239159,0.18387,77.07674000,1
1506382940,22239158,0.18374,77.07674000,0
1506382916,22239154,0.18400,1515.00000000,1
1506382916,22239153,0.18400,17037.09963642,1
1506382835,22239129,0.18400,6407.90036358,1
1506382835,22239128,0.18416,137.16612378,1
1506382835,22239127,0.18416,1000.00000000,1
1506382835,22239126,0.18418,1317.74863664,1
1506382804,22239100,0.18439,64.92326000,0
1506382741,22239055,0.18418,256.15688022,1
1506382605,22239016,0.18418,5642.71435414,1
1506382605,22239015,0.18420,4607.43925486,1
1506382605,22239014,0.18421,270.00000000,1
1506382547,22239007,0.18420,250.56074514,0
1506382547,22239006,0.18419,142.00000000,0
1506381738,22238846,0.18418,59.34328400,1
1506381508,22238710,0.18418,2724.03684500,1
1506381508,22238708,0.18420,270.00000000,1
1506381425,22238673,0.18419,5828.49565870,1
1506381424,22238672,0.18450,4771.46194146,1
1506381328,22238649,0.18450,89.39868100,1
1506381303,22238632,0.18450,2297.13449949,1
1506381302,22238631,0.18450,2249.20858051,1
1506381292,22238628,0.18450,10601.53400000,1
1506381290,22238627,0.18450,91.60252300,1
1506381289,22238626,0.18450,5401.59574000,1
1506381159,22238589,0.18468,234.84816980,0
1506381004,22238504,0.18468,64.82131300,0
1506380904,22238480,0.18469,446.32492284,0
1506380904,22238479,0.18469,73.78580324,0
1506380767,22238432,0.18469,39926.21419676,0
1506380658,22238352,0.18451,59.16666700,1
1506380580,22238308,0.18531,2549.72861691,0
1506380579,22238307,0.18495,142.00000000,0
1506379864,22237732,0.18450,170.00000000,1
1506379863,22237730,0.18450,12729.05915649,1
1506379862,22237729,0.18456,9698.06007802,1
1506379862,22237728,0.18507,294.94000000,1
1506379862,22237727,0.18530,14758.94076549,1
1506379861,22237726,0.18590,60.00000000,1
1506379204,22237464,0.18613,23.31633800,0
1506379204,22237463,0.18567,41.00000000,0
1506378823,22237328,0.18505,1739.28097000,1
1506378823,22237327,0.18508,270.00000000,1
1506378746,22237310,0.18507,388.63000000,1
1506378709,22237295,0.18562,53.25546816,0
1506378707,22237292,0.18561,3859.89072398,0
1506378662,22237276,0.18506,251.89139600,1
1506378637,22237255,0.18505,1552.11344600,1
1506378637,22237254,0.18506,16705.44477000,1
1506378637,22237253,0.18509,270.00000000,1
1506378306,22237128,0.18593,266.28566200,1
1506378137,22237078,0.18593,59.16666700,1
1506378002,22236978,0.18546,41.00000000,0
1506377755,22236796,0.18569,387.78448993,0
1506377755,22236795,0.18569,6885.75441900,0
1506377699,22236753,0.18562,1592.82561539,0
1506377597,22236670,0.18586,51.52808566,0
1506377576,22236644,0.18550,10246.40069000,1
1506377423,22236517,0.18601,270.00000000,1
1506377404,22236501,0.18668,64.12341300,0
1506377375,22236486,0.18675,884.83605451,1
1506377375,22236485,0.18675,6281.09815500,0
1506377375,22236484,0.18675,60.00000000,0
1506377234,22236412,0.18684,1599.97061657,1
1506377234,22236411,0.18665,990.33775000,0
1506377234,22236410,0.18600,1506.48535565,0
1506377233,22236409,0.18594,4220.99248415,0
1506377233,22236408,0.18586,15000.00000000,0
1506377233,22236407,0.18585,4951.68874000,0
1506377231,22236406,0.18584,9271.55565200,0
1506377058,22236231,0.18550,59.34328400,1
1506377017,22236191,0.18550,406.38900000,0
1506377013,22236186,0.18550,1593.61100000,0
1506377004,22236178,0.18584,5728.44434800,0
1506376919,22236076,0.18525,195.87472472,1
1506376919,22236075,0.18526,2000.00000000,1
1506376854,22236014,0.18552,41.00000000,0
1506376535,22235549,0.18538,2200.00000000,1
1506376169,22235364,0.18594,126.84876841,0
1506376146,22235351,0.18594,652.15874744,1
1506376123,22235340,0.18598,3555.76626518,0
1506376121,22235339,0.18596,198.71451648,0
1506376121,22235337,0.18596,203.28548352,0
1506376031,22235289,0.18594,12495.10905967,1
1506375815,22235052,0.18594,195.40124806,1
1506375815,22235051,0.18594,137.86006426,1
1506375604,22234738,0.18598,64.36821200,0
1506375601,22234730,0.18594,348.24393000,1
1506374754,22234098,0.18594,214.58664085,0
1506374732,22234083,0.18598,269.06129691,1
1506374732,22234081,0.18592,1072.16290600,1
1506374632,22234043,0.18595,118.62589000,1
1506374593,22234039,0.18595,270.00000000,0
1506374569,22234035,0.18558,53.75606208,0
1506374539,22234010,0.18520,59.20837900,1
1506374424,22233977,0.18520,165.62343876,1
1506374218,22233897,0.18593,3379.67627900,0
1506374218,22233896,0.18592,270.00000000,0
1506373803,22233732,0.18597,64.37167300,0
1506373789,22233717,0.18511,989.15883000,0
1506373785,22233713,0.18511,1760.84117000,1
1506373726,22233662,0.18597,4724.81491638,0
1506373724,22233660,0.18570,854.78000000,0
1506373459,22233499,0.18513,59.16666700,1
1506373359,22233478,0.18593,60.74580331,0
1506373359,22233477,0.18509,490.83708669,0
1506373359,22233476,0.18503,244.58676000,0
1506373275,22233437,0.18501,3170.96682834,1
1506373275,22233436,0.18502,1940.33944000,1
1506373206,22233410,0.18508,157.41324000,1
1506373200,22233407,0.18508,112.58676000,1
1506373196,22233406,0.18510,270.00000000,1
1506373091,22233342,0.18509,780.13857557,1
1506373001,22233268,0.18500,420.81219777,0
1506372999,22233267,0.18518,270.00000000,1
1506372956,22233243,0.18641,621.13170441,1
1506372956,22233242,0.18641,264.37006000,0
1506372956,22233241,0.18601,255.02543464,0
1506372954,22233240,0.18600,1000.00000000,0
1506372954,22233239,0.18600,270.00000000,0
1506372311,22232833,0.18456,96.00000000,0
1506372304,22232828,0.18451,3377.99090246,1
1506372303,22232827,0.18454,423.68431000,1
1506372303,22232826,0.18500,1846.06408754,1
1506372303,22232825,0.18505,2115.50070000,1
1506372303,22232824,0.18524,270.00000000,1
1506372266,22232807,0.18500,12153.93591246,1
1506372266,22232806,0.18500,1063.19799154,1
1506372265,22232805,0.18501,466.44073000,1
1506372265,22232804,0.18520,429.55150500,1
1506372265,22232803,0.18522,2331.79067000,1
1506372264,22232802,0.18592,7730.00000000,1
1506372206,22232764,0.18592,270.00000000,0
1506372004,22232651,0.18553,64.41323600,0
1506371832,22232535,0.18581,312.86000000,0
1506371764,22232497,0.18520,1570.44849500,1
1506371764,22232496,0.18526,270.00000000,1
1506371745,22232455,0.18600,7000.60859582,1
1506371743,22232448,0.18600,399.60000000,1
1506371741,22232438,0.18601,1929.65038000,1
1506371738,22232431,0.18600,7945.79915100,1
1506371738,22232430,0.18600,3815.50096900,1
1506371732,22232423,0.18600,2093.14594300,1
1506371729,22232414,0.18600,2166.14516200,1
1506371722,22232406,0.18600,40000.00000000,1
1506371720,22232398,0.18600,3140.91749100,1
1506371697,22232333,0.18600,2998.24843100,1
1506371677,22232297,0.18535,78.23910000,1
1506371610,22232145,0.18640,6451.26701000,0
1506371586,22232094,0.18660,2545.53388234,1
1506371586,22232093,0.18660,2301.93459100,1
1506371586,22232092,0.18660,3215.43408400,1
1506371585,22232089,0.18660,5518.80825500,1
1506371585,22232087,0.18660,10361.27845400,1
1506371585,22232086,0.18660,1156.58594600,1
1506371585,22232085,0.18660,1031.04472000,1
1506371584,22232084,0.18660,1290.41000000,1
1506371584,22232082,0.18660,6645.29987100,1
1506371583,22232078,0.18660,5405.90000000,1
1506371582,22232077,0.18660,6645.09449100,1
1506371582,22232076,0.18660,10700.34199566,0
1506371582,22232075,0.18650,250.00000000,0
1506371582,22232074,0.18629,5405.90000000,0
1506371582,22232073,0.18628,37248.60500000,0
1506371582,22232072,0.18606,100.82871000,0
1506371581,22232069,0.18599,177.00000000,0
1506371518,22231933,0.18601,5512.13747024,1
1506371518,22231932,0.18601,2091.00000000,1
1506371517,22231931,0.18601,9644.29450500,1
1506371514,22231915,0.18601,301.87460994,1
1506371501,22231896,0.18568,2400.00000000,1
1506371499,22231888,0.18568,8685.62267400,1
1506371495,22231881,0.18568,280.76207698,0
1506371482,22231847,0.18568,10599.95760016,0
1506371439,22231740,0.18500,1108.59269000,1
1506371417,22231703,0.18566,279.38338899,0
1506371416,22231699,0.18500,601.43880000,1
1506371285,22231592,0.18500,4497.52105900,1
1506371030,22231423,0.18568,524.34490968,0
1506371030,22231422,0.18562,156.27773000,0
1506371030,22231421,0.18562,781.38867000,0
1506371028,22231419,0.18500,3000.00000000,0
1506370939,22231362,0.18500,59.19608400,1
1506370930,22231357,0.18500,6974.04317600,1
1506370779,22231275,0.18500,500.00000000,1
1506370778,22231274,0.18500,500.00000000,1
1506370481,22231183,0.18556,120.00000000,0
1506370481,22231182,0.18556,270.00000000,0
1506370444,22231178,0.18568,32350.32141318,0
1506370444,22231177,0.18564,13034.23355100,0
1506370444,22231176,0.18563,1103.02880000,0
1506370442,22231175,0.18500,7614.62719235,0
1506370205,22231036,0.18500,64.75119000,0
1506370202,22231030,0.18500,34329.35897540,0
1506370201,22231028,0.18500,293.13643000,1
1506370201,22231027,0.18488,5000.00000000,0
1506370201,22231026,0.18488,4702.16598117,0
1506370199,22231020,0.18478,9747.27731281,0
1506370160,22230996,0.18478,100.20047000,0
1506369889,22230866,0.18488,94.32250241,0
1506369889,22230864,0.18480,2255.70646959,0
1506369858,22230850,0.18416,59.16666700,1
1506369735,22230796,0.18480,340.92851000,0
1506369735,22230795,0.18479,270.00000000,0
1506369721,22230744,0.18480,144.11502041,0
1506369721,22230740,0.18479,270.00000000,0
1506369544,22230558,0.18485,45.86854206,0
1506369408,22230469,0.18488,4728.52375977,0
1506369408,22230468,0.18487,413.79910000,0
1506369378,22230442,0.18488,2919.98775665,0
1506369378,22230441,0.18487,491.64249000,0
1506369311,22230366,0.18450,7000.00000000,0
1506369178,22230282,0.18440,4705.15492322,0
1506369171,22230260,0.18440,42235.00000000,0
1506369150,22230244,0.18440,41650.87031000,0
1506369150,22230243,0.18439,584.12969000,0
1506369017,22230142,0.18438,11402.32162000,1
1506368994,22230130,0.18438,4923.15148064,0
1506368960,22230104,0.18439,694.01548000,1
1506368947,22230094,0.18439,824.57284000,1
1506368934,22230084,0.18439,979.69051000,1
1506368921,22230078,0.18439,1163.98872000,1
1506368920,22230076,0.18440,10700.34199566,0
1506368908,22230072,0.18439,1382.95690000,1
1506368898,22230070,0.18439,1643.11710000,0
1506368898,22230069,0.18427,60.00000000,0
1506368868,22230050,0.18427,210.00000000,0
1506368641,22229873,0.18439,261.34822929,0
1506368403,22229711,0.18439,64.92326000,0
1506368390,22229704,0.18440,8125.63277112,0
1506368390,22229703,0.18439,2390.09391000,0
1506368246,22229599,0.18400,540.00000000,1
1506368123,22229458,0.18400,958.00000000,1
1506367946,22229374,0.18439,27.04880959,0
1506367522,22229153,0.18450,27.14081301,0
1506367521,22229152,0.18372,230.00000000,0
1506367519,22229150,0.18372,270.00000000,1
1506367362,22229057,0.18458,0.37754675,0
1506367360,22229055,0.18443,270.00000000,0
1506367337,22229043,0.18377,59.50647800,1
1506366994,22228833,0.18453,209.87894879,0
1506366908,22228796,0.18450,993.00000000,1
1506366604,22228682,0.18455,64.86697400,0
1506366484,22228650,0.18443,1363.45838627,0
1506366482,22228648,0.18362,9630.00000000,0
1506366474,22228644,0.18362,100.00000000,0
1506366398,22228598,0.18362,270.00000000,1
1506366365,22228589,0.18467,320.90941100,0
1506366335,22228581,0.18348,1000.00000000,0
1506366263,22228564,0.18341,59.34328400,1
1506366148,22228491,0.18340,400.00000000,1
1506366103,22228458,0.18340,4443.56604153,1
1506366103,22228457,0.18341,270.00000000,1
1506366021,22228425,0.18350,1587.86000000,0
1506366018,22228423,0.18350,106.22004000,1
1506366007,22228412,0.18482,7.93972922,0
1506366007,22228411,0.18398,57.12734978,0
1506366000,22228408,0.18350,1083.98497000,1
1506365951,22228359,0.18399,2700.00000000,1
1506365938,22228349,0.18400,31700.76439325,1
1506365915,22228319,0.18400,115.72389500,1
1506365915,22228318,0.18401,2542.14581300,1
1506365858,22228295,0.18446,459.65531823,0
1506365841,22228275,0.18401,7457.85418700,1
1506365655,22228141,0.18444,205.01502161,0
1506365655,22228140,0.18442,44.98497839,0
1506365151,22227973,0.18400,281.40400000,1
1506365132,22227968,0.18462,1818.59600000,1
1506365130,22227967,0.18462,281.40400000,1
1506365105,22227939,0.18400,4245.00000000,1
1506365105,22227938,0.18401,270.00000000,1
1506365048,22227916,0.18400,6017.15354497,1
1506365046,22227915,0.18401,771.43816000,0
1506365034,22227908,0.18403,12353.54751200,0
1506364985,22227905,0.18403,815.30513355,0
1506364973,22227901,0.18403,12128.45570000,0
1506364972,22227899,0.18403,1981.32000000,0
1506364965,22227894,0.18403,933.53681727,0
1506364962,22227893,0.18403,1981.32000000,0
1506364959,22227892,0.18403,270.00000000,1
1506364959,22227891,0.18480,43.64692321,1
1506364958,22227890,0.18480,0.11195887,0
1506364953,22227888,0.18480,269.88804113,0
1506364803,22227812,0.18481,64.77221100,0
1506364635,22227745,0.18483,701.57074068,1
1506364633,22227744,0.18474,270.00000000,0
1506364352,22227498,0.18488,96.95518714,0
1506364054,22227216,0.18450,11142.65023967,1
1506364038,22227199,0.18450,801.85700000,1
1506364038,22227198,0.18450,2298.69000000,1
1506364004,22227163,0.18450,5383.61523036,1
1506364001,22227161,0.18450,8114.01157257,1
1506363997,22227152,0.18450,3423.88385177,1
1506363995,22227147,0.18450,315.98997887,1
1506363992,22227137,0.18450,3313.92948511,1
1506363990,22227134,0.18450,3313.27138212,1
1506363847,22227024,0.18450,400.00000000,1
1506363835,22227016,0.18400,81394.53023300,1
1506363785,22226974,0.18474,230.00000000,1
1506363782,22226972,0.18474,270.00000000,0
1506363756,22226965,0.18410,1162.03712600,1
1506363738,22226958,0.18410,60.24242400,1
1506363682,22226941,0.18410,9214.69030000,1
1506363682,22226940,0.18411,10000.00000000,1
1506363655,22226910,0.18410,2221.55872900,1
1506363650,22226909,0.18410,7988.99879100,1
1506363649,22226908,0.18410,327.50611100,1
1506363621,22226897,0.18410,1966.64311200,1
1506363611,22226887,0.18410,10425.00000000,1
1506363540,22226845,0.18410,42377.57755333,1
1506363517,22226824,0.18411,270.00000000,1
1506363292,22226666,0.18400,6442.30942000,1
1506363057,22226508,0.18436,889.68366115,0
1506363003,22226482,0.18436,64.93030300,0
1506362898,22226443,0.18400,63840.91924700,1
1506362898,22226442,0.18401,1216.42853000,1
1506362898,22226441,0.18401,34942.65222300,1
1506362882,22226439,0.18401,181.17194200,1
1506362861,22226431,0.18443,53.05565737,0
1506362764,22226367,0.18447,1053.13397900,0
1506362658,22226319,0.18401,59.87951800,1
1506362610,22226303,0.18401,231.12229500,1
1506362589,22226293,0.18401,23427.36044700,1
1506362547,22226273,0.18401,1103.38419400,1
1506362525,22226256,0.18401,15242.82878900,1
1506362524,22226255,0.18401,2371.49807500,1
1506362508,22226248,0.18401,299.97800000,1
1506362506,22226247,0.18401,10001.25992200,1
1506362498,22226245,0.18401,6000.00000000,1
1506362470,22226203,0.18401,1883.76043300,1
1506362457,22226194,0.18401,8000.00000000,1
1506362433,22226179,0.18401,73265.93400000,1
1506362429,22226178,0.18401,6124.49100000,1
1506362378,22226130,0.18402,1553.60959000,1
1506362165,22225999,0.18401,6125.09542700,1
1506362165,22225998,0.18410,1154.00000000,1
1506362068,22225937,0.18401,58524.94490500,1
1506362068,22225936,0.18402,4115.37970000,1
1506362068,22225935,0.18404,270.00000000,1
1506361819,22225782,0.18402,4055.25648500,1
1506361819,22225781,0.18410,431.77158400,1
1506361724,22225729,0.18410,400.27000000,1
1506361524,22225604,0.18410,324.60577900,1
1506361524,22225603,0.18413,270.00000000,1
1506361524,22225602,0.18459,700.00000000,1
1506361425,22225516,0.18410,1543.35263700,1
1506361422,22225509,0.18459,5542.95517492,0
1506361420,22225507,0.18458,5293.78681500,0
1506361385,22225490,0.18459,99.00000000,0
1506361255,22225408,0.18470,8881.09778825,0
1506361254,22225407,0.18469,5290.32842300,0
1506361254,22225406,0.18469,270.00000000,0
1506361204,22225370,0.18481,64.76870600,0
1506361187,22225365,0.18403,8738.89000000,1
1506361187,22225364,0.18403,270.00000000,1
1506361176,22225359,0.18497,11918.28100000,0
1506361176,22225358,0.18455,13081.71900000,0
1506361065,22225250,0.18479,22283.47799189,0
1506361065,22225249,0.18478,2111.20190000,0
1506361064,22225248,0.18469,270.00000000,0
1506361051,22225243,0.18401,2052.30783000,1
1506361046,22225237,0.18403,270.00000000,1
1506360985,22225186,0.18401,162.33100000,1
1506360915,22225148,0.18401,155.73770000,1
1506360842,22225085,0.18400,1000.60187700,1
1506360842,22225084,0.18401,1057.24158000,1
1506360841,22225083,0.18402,2740.75000000,1
1506360797,22224993,0.18401,368.40389110,1
1506360787,22224982,0.18400,14265.40000000,1
1506360784,22224977,0.18400,1.02418000,1
1506360784,22224976,0.18401,1456.37582000,1
1506360775,22224972,0.18401,1167.89000000,1
1506360729,22224926,0.18400,4819.39800000,1
1506360675,22224880,0.18400,300.39916400,1
1506360654,22224861,0.18400,19584.07038000,1
1506360654,22224859,0.18401,415.92962000,1
1506360643,22224847,0.18400,56242.10840364,1
1506360640,22224844,0.18400,1007.68338000,1
1506360640,22224843,0.18401,459.61929000,1
1506360624,22224824,0.18400,14913.78052500,1
1506360624,22224823,0.18401,507.89891000,1
1506360602,22224806,0.18401,349.52693500,1
1506360564,22224705,0.18400,103.29141100,1
1506360559,22224681,0.18400,500.00000000,1
1506360558,22224676,0.18400,154.68017400,1
1506360556,22224669,0.18400,543.52400000,1
1506360555,22224667,0.18400,66467.82931800,1
1506360554,22224661,0.18400,30026.13172600,1
1506360553,22224660,0.18401,668.00489000,1
1506360552,22224655,0.18400,268.85911500,1
1506360511,22224597,0.18400,16660.82947442,1
1506360507,22224562,0.18400,3261.82935000,1
1506360507,22224561,0.18401,738.17065000,1
1506360496,22224534,0.18400,3920.63315000,1
1506360494,22224531,0.18400,15718.74413600,1
1506360494,22224530,0.18401,815.70924000,1
1506360458,22224435,0.18400,100898.61005000,1
1506360457,22224433,0.18401,901.38995000,1
1506360411,22224342,0.18400,9144.25031466,1
1506360411,22224340,0.18401,549.32717000,1
1506360397,22224322,0.18400,30458.86748900,1
1506360397,22224321,0.18401,607.02935000,1
1506360370,22224305,0.18401,670.77876203,1
1506360360,22224301,0.18400,15699.64964906,1
1506360360,22224300,0.18401,741.24783000,1
1506360360,22224299,0.18402,400.00000000,1
1506360359,22224298,0.18405,21518.10252094,1
1506360323,22224272,0.18405,744.01197600,1
1506360299,22224223,0.18405,250.00000000,1
1506360299,22224222,0.18410,250.00000000,1
1506360297,22224219,0.18413,500.00000000,1
1506360198,22224130,0.18405,31354.23878800,1
1506360198,22224129,0.18406,999.76338000,1
1506360175,22224100,0.18405,985.25599800,1
1506360173,22224099,0.18406,1104.77696000,1
1506360143,22224083,0.18405,268.11550000,1
1506360143,22224082,0.18406,1220.82613000,1
1506360138,22224077,0.18405,59.87951800,1
1506359917,22223951,0.18456,893.49924144,0
1506359839,22223895,0.18400,890.18176800,1
1506359775,22223862,0.18460,130.71327194,0
1506359711,22223781,0.18460,120.00000000,0
1506359711,22223780,0.18459,270.00000000,0
1506359703,22223764,0.18460,4950.06628800,0
1506359702,22223762,0.18460,3667.74024918,0
1506359702,22223760,0.18459,3590.66550000,0
1506359700,22223759,0.18448,14000.00000000,0
1506359569,22223671,0.18370,2440.00000000,1
1506359569,22223670,0.18371,60.00000000,1
1506359558,22223665,0.18447,43.25928335,1
1506359529,22223641,0.18362,348.13058284,1
1506359529,22223640,0.18362,60.00000000,1
1506359437,22223581,0.18448,48.24638313,0
1506359404,22223553,0.18450,64.88455300,0
1506359384,22223538,0.18343,2106.40127040,1
1506359384,22223537,0.18343,2500.00000000,0
1506359384,22223536,0.18349,2500.00000000,1
1506359382,22223535,0.18354,270.00000000,1
1506359215,22223310,0.18420,1261.62000000,1
1506359212,22223307,0.18420,768.89200000,1
1506359059,22223188,0.18342,59.52095800,1
1506358964,22223122,0.18302,9339.23151200,1
1506358963,22223121,0.18311,500.00000000,1
1506358963,22223120,0.18344,10160.76848800,0
1506358958,22223118,0.18321,271.65547733,0
1506358956,22223114,0.18457,39.99729100,1
1506358956,22223113,0.18445,1488.09900000,0
1506358955,22223112,0.18444,16824.59353000,1
1506358954,22223111,0.18444,270.00000000,0
1506358884,22223067,0.18314,286.22505899,1
1506358734,22222906,0.18301,9193.89028000,0
1506358734,22222905,0.18301,806.10972000,0
1506358714,22222890,0.18305,1775.76258000,0
1506358707,22222878,0.18305,4611.75000000,0
1506358706,22222874,0.18305,778.47366600,0
1506358706,22222873,0.18305,296.17120000,0
1506358704,22222871,0.18305,5127.34175000,0
1506358702,22222869,0.18305,50000.00000000,1
1506358702,22222868,0.18306,14848.28700000,1
1506358702,22222867,0.18310,35.00000000,1
1506358702,22222865,0.18316,187.04977000,1
1506358702,22222863,0.18316,488.85653400,1
1506358702,22222862,0.18317,1851.30750000,1
1506358696,22222855,0.18316,446.40718600,1
1506358683,22222835,0.18315,5905.21011425,0
1506358683,22222834,0.18315,778.47366600,0
1506358679,22222827,0.18315,10711.32100000,0
1506358679,22222825,0.18315,25000.00000000,1
1506358679,22222824,0.18320,24489.00000000,1
1506358679,22222823,0.18321,993.76638000,1
1506358679,22222822,0.18324,1834.55830000,1
1506358679,22222821,0.18326,100.82871000,1
1506358679,22222820,0.18350,186.84182975,1
1506358653,22222780,0.18350,1975.15817025,1
1506358653,22222778,0.18350,2777.32139379,1
1506358646,22222773,0.18350,780.00000000,1
1506358576,22222639,0.18350,514.03902622,0
1506358575,22222637,0.18350,3009.98096154,0
1506358574,22222632,0.18350,3557.32133933,0
1506358572,22222626,0.18350,12911.11625002,0
1506358572,22222624,0.18350,15813.47152200,0
1506358571,22222622,0.18350,782.44033400,0
1506358571,22222621,0.18350,12873.80624400,0
1506358569,22222617,0.18351,1159.01577302,1
1506358568,22222614,0.18351,1159.59529095,1
1506358568,22222612,0.18351,999.50015892,1
1506358568,22222611,0.18352,5564.80000000,1
1506358568,22222610,0.18352,1654.91310000,1
1506358534,22222551,0.18351,160.09504108,0
1506358534,22222550,0.18351,999.50024987,0
1506358530,22222508,0.18351,2915.82546991,0
1506358530,22222507,0.18350,1157.55857808,0
1506358529,22222503,0.18350,934.77333524,0
1506358529,22222500,0.18350,42220.98300000,0
1506358528,22222493,0.18350,1341.68508668,0
1506358528,22222486,0.18350,14345.00000000,1
1506358527,22222481,0.18351,1341.95018142,0
1506358506,22222449,0.18390,32650.01523000,0
1506358505,22222443,0.18390,13800.00000000,1
1506358505,22222441,0.18391,1754.61410000,1
1506358505,22222439,0.18391,1795.37067000,1
1506358476,22222415,0.18400,11237.81214086,0
1506358474,22222414,0.18400,405.83460447,0
1506358468,22222408,0.18400,4308.07743802,0
1506358466,22222406,0.18400,2302.18000000,0
1506358465,22222402,0.18400,2302.18000000,0
1506358464,22222401,0.18400,2302.18000000,0
1506358462,22222399,0.18400,5452.00000000,1
1506358462,22222398,0.18400,10000.00000000,1
1506358462,22222397,0.18468,1689.73581665,1
1506358461,22222394,0.18468,3603.50709000,0
1506358387,22222351,0.18420,10599.95760016,1
1506358386,22222350,0.18420,50600.00000000,1
1506358347,22222316,0.18478,187.63000000,0
1506358341,22222303,0.18479,6643.21585200,0
1506358341,22222301,0.18478,3348.08020000,0
1506358309,22222284,0.18478,1581.05263000,0
1506358307,22222282,0.18479,921.87227100,0
1506358306,22222281,0.18478,1600.15000000,0
1506358248,22222217,0.18479,1350.80372800,0
1506358245,22222216,0.18479,2688.86264900,0
1506358234,22222210,0.18479,325.00000000,0
1506358175,22222161,0.18450,1054.95428767,0
1506358151,22222131,0.18450,19692.04567000,0
1506358149,22222129,0.18409,7089.64800000,1
1506358149,22222128,0.18412,75910.35200000,1
1506358149,22222127,0.18413,7000.00000000,1
1506358136,22222112,0.18450,3450.30449863,0
1506358134,22222098,0.18450,6933.54379720,0
1506358133,22222095,0.18450,4771.35307256,0
1506358131,22222087,0.18450,25505.22763601,0
1506358131,22222086,0.18450,6511.78510900,0
1506358126,22222072,0.18480,395.93470858,0
1506358120,22222062,0.18480,395.93470858,0
1506358113,22222055,0.18409,13008.80536000,1
1506358113,22222054,0.18410,3491.92964000,1
1506358113,22222053,0.18411,73499.26500000,1
1506358097,22222039,0.18480,1000.49975000,1
1506358096,22222038,0.18480,999.99972957,1
1506358096,22222037,0.18481,483.69591078,1
1506358095,22222033,0.18480,999.99993631,1
1506358094,22222027,0.18401,15462.23813516,0
1506358093,22222025,0.18401,407.52010433,1
1506358093,22222022,0.18402,1161.83023000,0
1506358093,22222021,0.18402,385.48726000,1
1506358093,22222019,0.18402,1929.71170000,1
1506358093,22222018,0.18402,2462.77010000,0
1506358092,22222015,0.18423,407.03353956,1
1506358092,22222014,0.18431,1583.90868108,1
1506358090,22222011,0.18500,999.50024987,1
1506358088,22222008,0.18431,8381.56231892,0
1506358087,22222006,0.18465,10000.00000000,1
1506358087,22222005,0.18476,73.97501000,1
1506358085,22222002,0.18500,12924.46267108,1
1506358079,22221994,0.18500,17444.53732892,1
1506358079,22221993,0.18500,2000.00000000,1
1506358079,22221992,0.18500,2956.79983260,1
1506358050,22221975,0.18520,11861.27572000,0
1506358050,22221974,0.18519,1688.72428000,0
1506358042,22221970,0.18500,495.20016740,1
1506358035,22221966,0.18524,880.63440000,0
1506358015,22221954,0.18525,245.40527000,0
1506358007,22221950,0.18528,3015.84753600,1
1506358007,22221949,0.18528,500.00000000,1
1506358000,22221941,0.18528,5051.58278400,1
1506358000,22221940,0.18530,5798.39924400,1
1506357998,22221938,0.18540,105.00000000,1
1506357987,22221929,0.18548,30000.00000000,0
1506357918,22221883,0.18550,966.93102000,0
1506357918,22221882,0.18549,2172.06898000,0
1506357900,22221852,0.18550,9477.51824898,1
1506357900,22221850,0.18599,60.00000000,1
1506357800,22221766,0.18600,2069.64535077,1
1506357800,22221765,0.18600,14972.33705900,1
1506357767,22221754,0.18600,149.03868700,1
1506357604,22221640,0.18621,64.28180200,0
1506357598,22221622,0.18554,61900.00000000,1
1506357448,22221461,0.18625,495.35570469,0
1506357326,22221341,0.18622,5794.48300000,1
1506357290,22221322,0.18622,4983.72631278,1
1506357289,22221321,0.18623,347.28444407,0
1506357245,22221278,0.18550,5522.48175102,1
1506357245,22221277,0.18550,229.00000000,1
1506357245,22221276,0.18550,11362.59956900,1
1506357245,22221275,0.18563,18338.25970198,1
1506357243,22221274,0.18625,1328.28308506,0
1506357240,22221266,0.18625,5417.37094228,0
1506357159,22221183,0.18563,3763.38301500,1
1506357139,22221169,0.18563,300.00000000,1
1506357122,22221143,0.18627,2183.04191755,0
1506357008,22221035,0.18563,7598.35728302,1
1506357008,22221034,0.18565,2500.00000000,1
1506357008,22221031,0.18610,149.75333098,1
1506356731,22220734,0.18699,640.14514145,0
1506356728,22220732,0.18670,3973.49554900,1
1506356728,22220731,0.18670,3549.97898000,1
1506356720,22220719,0.18670,8495.25049500,1
1506356693,22220677,0.18691,4306.97977636,0
1506356693,22220674,0.18650,2369.25041343,0
1506356691,22220668,0.18645,0.00000025,0
1506356672,22220630,0.18645,1879.17683000,0
1506356630,22220616,0.18621,4919.58646700,1
1506356622,22220614,0.18645,1331.82316975,0
1506356622,22220613,0.18640,1684.86143400,0
1506356621,22220612,0.18639,207.58281700,1
1506356620,22220611,0.18639,789.00000000,0
1506356593,22220586,0.18620,14802.33155300,1
1506356593,22220585,0.18626,16939.15235400,1
1506356585,22220579,0.18638,1341.07532100,1
1506356583,22220569,0.18638,2261.40995700,1
1506356571,22220556,0.18638,5547.98447100,1
1506356571,22220555,0.18638,3939.56280200,1
1506356571,22220554,0.18638,10595.00000000,1
1506356565,22220550,0.18638,158.02796900,1
1506356564,22220543,0.18638,1581.17823800,1
1506356545,22220491,0.18626,3001.50436200,1
1506356539,22220486,0.18626,59.34328400,1
1506356526,22220465,0.18621,642.49977800,1
1506356508,22220430,0.18620,4839.98330000,1
1506356501,22220421,0.18622,130.92446000,1
1506356465,22220370,0.18640,315.13856600,0
1506356411,22220315,0.18650,1000.00000000,0
1506356371,22220248,0.18620,36283.80758775,1
1506356370,22220247,0.18621,16445.82587000,1
1506356370,22220246,0.18637,1413.61440000,1
1506356370,22220245,0.18638,1413.61440000,1
1506356370,22220244,0.18639,1413.61440000,1
1506356370,22220243,0.18640,94.14167735,1
1506356344,22220193,0.18630,1319.47272265,0
1506356343,22220192,0.18630,94.14164640,0
1506356343,22220191,0.18623,1319.47275360,0
1506356327,22220177,0.18630,251.65212024,0
1506356320,22220174,0.18623,2226.26915500,0
1506356302,22220160,0.18620,20000.00000000,1
1506356302,22220159,0.18622,30000.00000000,1
1506356300,22220157,0.18623,273.73084500,0
1506356297,22220153,0.18623,2500.00000000,1
1506356271,22220125,0.18630,1925.19011700,0
1506356094,22219904,0.18722,5580.10853892,0
1506356052,22219857,0.18734,532.39752300,0
1506355823,22219618,0.18621,352.70160000,1
1506355804,22219584,0.18729,63.91457600,0
1506355773,22219537,0.18739,217.61245359,0
1506355772,22219534,0.18700,1822.20108194,0
1506355762,22219514,0.18739,206.93900421,1
1506355762,22219513,0.18739,270.00000000,1
1506355762,22219510,0.18729,162.31961980,0
1506355761,22219509,0.18717,162.11676338,0
1506355761,22219508,0.18705,161.91420244,0
1506355759,22219504,0.18700,4369.53129000,0
1506355753,22219498,0.18703,1194.87665080,1
1506355753,22219497,0.18699,2000.00000000,0
1506355753,22219496,0.18693,161.71166519,0
1506355752,22219495,0.18681,161.50915224,0
1506355752,22219494,0.18681,579.00000000,0
1506355752,22219493,0.18669,161.30680126,0
1506355751,22219492,0.18657,161.10461339,0
1506355751,22219491,0.18650,250.00000000,0
1506355751,22219490,0.18645,160.90258978,0
1506355749,22219488,0.18633,160.70073157,0
1506355743,22219473,0.18621,160.49903992,0
1506355684,22219345,0.18611,5407.02908160,1
1506355630,22219211,0.18610,3085.31841815,0
1506355630,22219207,0.18610,148.27367100,0
1506355598,22219083,0.18610,3258.82285548,0
1506355597,22219077,0.18610,251.94626545,0
1506355585,22219049,0.18610,536.29032264,0
1506355585,22219046,0.18600,0.00000036,0
1506355584,22219038,0.18600,2358.74702400,0
1506355459,22218779,0.18550,59.40043100,1
1506355436,22218769,0.18577,11422.00000000,0
1506355409,22218747,0.18582,432.00000000,0
1506355370,22218716,0.18530,5000.00000000,1
1506355367,22218715,0.18530,623.60075600,1
1506355367,22218713,0.18540,4376.39924400,1
1506355360,22218702,0.18540,1000.00000000,1
1506355348,22218695,0.18540,148.92350000,1
1506355345,22218690,0.18540,469.93673100,1
1506355298,22218651,0.18540,4426.74052500,1
1506355297,22218650,0.18550,5561.28947500,1
1506355239,22218588,0.18565,11422.00000000,0
1506355178,22218464,0.18550,4860.71052500,1
1506355134,22218389,0.18585,24991.13225720,1
1506355133,22218388,0.18585,2500.00000000,0
1506355116,22218371,0.18531,134.10935594,0
1506355113,22218364,0.18531,1865.89064406,1
1506355061,22218310,0.18598,312.29862000,1
1506354946,22218192,0.18533,838.46476500,1
1506354946,22218191,0.18536,270.00000000,1
1506354897,22218128,0.18531,230.00000000,1
1506354895,22218127,0.18532,270.00000000,1
1506354529,22217591,0.18544,1000.00000000,1
1506354495,22217507,0.18598,209.85038000,0
1506354365,22217294,0.18600,1251.27721085,0
1506354362,22217286,0.18600,1251.27721085,0
1506354359,22217273,0.18600,138.69855394,0
1506354276,22217124,0.18610,1719.34846728,0
1506354276,22217123,0.18609,160.29710212,0
1506354276,22217122,0.18600,8720.31203076,0
1506354270,22217110,0.18600,8546.33397849,0
1506354270,22217109,0.18600,30000.00000000,0
1506354270,22217108,0.18598,10000.00000000,0
1506354269,22217106,0.18597,4930.18422000,1
1506354269,22217105,0.18597,160.09560841,0
1506354186,22216945,0.18531,57.17519797,1
1506354178,22216924,0.18531,1.04799894,0
1506354175,22216915,0.18531,2095.89064406,0
1506354100,22216746,0.18531,2903.06135700,0
1506354099,22216745,0.18530,270.00000000,0
1506354004,22216632,0.18526,64.61837400,0
1506353910,22216497,0.18530,26.91597410,0
1506353889,22216432,0.18532,3094.45376160,1
1506353820,22216352,0.18532,1352.63086700,1
1506353814,22216346,0.18532,1352.63086700,1
1506353810,22216343,0.18530,270.00000000,0
1506353735,22216258,0.18531,1187.65482190,1
1506353705,22216206,0.18535,4091.20479079,0
1506353705,22216205,0.18535,2989.11341800,0
1506353703,22216204,0.18534,3683.36828000,0
1506353693,22216173,0.18531,128.07784000,1
1506353679,22216121,0.18531,112.59355678,1
1506353664,22216052,0.18530,270.00000000,0
1506353663,22216044,0.18535,4272.18345800,0
1506353663,22216043,0.18535,2738.70312400,0
1506353663,22216041,0.18534,3896.28190000,0
1506353663,22216039,0.18534,9599.51611000,0
1506353663,22216037,0.18534,400.48389000,0
1506353663,22216034,0.18533,1876.51471000,0
1506353663,22216032,0.18532,270.00000000,0
1506353663,22216030,0.18532,1429.17540000,0
1506353661,22216010,0.18532,1070.82460000,0
1506353661,22216007,0.18531,1699.17540000,0
1506353625,22215926,0.18597,9577.35736946,1
1506353624,22215925,0.18596,1118.82274000,1
1506353624,22215923,0.18590,10103.46000000,0
1506353624,22215922,0.18585,159.89414608,0
1506353623,22215921,0.18573,159.69285426,0
1506353623,22215920,0.18561,159.49228886,0
1506353623,22215919,0.18560,5594.11370000,1
1506353623,22215918,0.18549,159.29120348,0
1506353622,22215917,0.18542,11850.00000000,0
1506353622,22215916,0.18518,8927.61000000,0
1506353622,22215915,0.18517,5594.11370000,0
1506353622,22215914,0.18517,2500.00000000,1
1506353621,22215912,0.18510,833.40685243,0
1506353621,22215911,0.18510,1422.43200000,1
1506353620,22215910,0.18508,10054.72700000,0
1506353620,22215908,0.18508,2500.00000000,0
1506353620,22215907,0.18508,270.00000000,0
1506353613,22215898,0.18509,30.00000000,0
1506353600,22215896,0.18433,1870.49135974,0
1506353600,22215895,0.18438,617.09789426,1
1506353600,22215894,0.18450,250.00000000,1
1506353598,22215891,0.18507,13893.41074600,1
1506353590,22215885,0.18507,147.68142300,1
1506353590,22215884,0.18507,958.90783100,1
1506353544,22215804,0.18510,54.00000000,0
1506353493,22215765,0.18433,7.32862640,1
1506353493,22215762,0.18433,610.07781682,0
1506353491,22215756,0.18438,112.59355678,1
1506353491,22215755,0.18438,270.00000000,1
1506353401,22215635,0.18510,112.59314757,0
1506353401,22215634,0.18509,270.00000000,0
1506353291,22215541,0.18482,1011.01000000,0
1506353290,22215539,0.18482,834.17300000,0
1506353289,22215535,0.18482,0.02426419,0
1506353289,22215532,0.18481,833.58945000,0
1506353149,22215243,0.18450,249.99993611,0
1506353085,22215183,0.18440,5400.00000000,1
1506353085,22215182,0.18470,3127.43133776,1
1506353038,22215108,0.18470,3806.11244800,1
1506353038,22215107,0.18471,270.00000000,1
1506352939,22214937,0.18472,59.69970000,1
1506352884,22214818,0.18470,9321.68355630,0
1506352882,22214814,0.18470,1147.58554669,0
1506352870,22214805,0.18462,56.07000000,1
1506352870,22214804,0.18463,243.93000000,1
1506352777,22214728,0.18470,243.93000000,0
1506352473,22214269,0.18450,0.00003306,0
1506352473,22214267,0.18450,740.48620000,0
1506352440,22214213,0.18409,152.70879652,0
1506352437,22214211,0.18409,159.29120348,1
1506352355,22214093,0.18450,259.51376694,0
1506352266,22213956,0.18411,820.28778800,1
1506352254,22213936,0.18422,91.41835076,1
1506352254,22213935,0.18423,270.00000000,1
1506352252,22213930,0.18551,1166.74243976,0
1506352252,22213928,0.18550,912.32317000,0
1506352250,22213926,0.18497,11461.62793000,0
1506352218,22213873,0.18422,3989.41510279,1
1506352218,22213872,0.18423,270.00000000,1
1506352204,22213858,0.18532,64.58699800,0
1506352202,22213857,0.18533,5407.02908158,0
1506352192,22213841,0.18422,27325.34133746,0
1506352190,22213837,0.18422,1000.00000000,0
1506352186,22213831,0.18422,1088.18903200,0
1506352176,22213814,0.18400,897.19436614,1
1506352176,22213813,0.18401,2500.00000000,1
1506352176,22213812,0.18421,159.49228886,1
1506352175,22213810,0.18422,1539.79963054,0
1506352171,22213799,0.18423,270.00000000,1
1506352164,22213777,0.18422,270.00000000,1
1506352146,22213742,0.18422,270.00000000,1
1506352081,22213629,0.18400,4283.68360310,0
1506352078,22213625,0.18400,851.70117000,0
1506352076,22213623,0.18400,159.69285426,0
1506352075,22213622,0.18400,270.00000000,0
1506352074,22213620,0.18402,1528.21340000,1
1506352074,22213619,0.18402,2080.26956608,1
1506352074,22213618,0.18430,2500.00000000,1
1506352074,22213617,0.18430,5564.80000000,1
1506352071,22213615,0.18402,5919.73043392,1
1506352071,22213614,0.18406,941.00842000,1
1506352071,22213613,0.18430,270.00000000,1
1506352071,22213612,0.18445,159.89414608,1
1506352058,22213595,0.18428,100.38482959,1
1506352057,22213594,0.18457,160.09560841,1
1506352057,22213593,0.18458,45.70635600,1
1506352043,22213578,0.18458,224.29364400,1
1506352020,22213541,0.18422,201.82361788,1
1506352020,22213540,0.18423,2500.00000000,1
1506352020,22213539,0.18423,16867.87928000,1
1506352020,22213538,0.18469,160.29710212,1
1506352020,22213537,0.18470,270.00000000,1
1506352015,22213532,0.18561,3000.00000000,0
1506351983,22213453,0.18573,1389.22123491,1
1506351983,22213452,0.18573,1452.02589035,1
1506351983,22213450,0.18572,12083.03670000,1
1506351981,22213446,0.18500,2253.14778748,0
1506351979,22213437,0.18403,4300.72792075,1
1506351978,22213436,0.18403,7776.50541912,1
1506351978,22213434,0.18404,1281.18106000,1
1506351976,22213425,0.18481,0.00009505,1
1506351939,22213325,0.18481,160.49894487,1
1506351909,22213300,0.18500,80.00000000,0
1506351876,22213234,0.18500,4590.26594918,0
1506351875,22213233,0.18499,16719.91990000,0
1506351875,22213232,0.18498,3554.66654000,0
1506351864,22213211,0.18410,829.67058610,1
1506351864,22213210,0.18411,543.15589494,1
1506351864,22213209,0.18434,1450.62570000,1
1506351863,22213207,0.18470,3000.00000000,1
1506351863,22213204,0.18493,100.82121357,1
1506351857,22213202,0.18493,59.87951800,1
1506351809,22213117,0.18500,160.90258978,0
1506351802,22213097,0.18505,1624.57906017,1
1506351802,22213096,0.18517,161.10461339,1
1506351779,22213035,0.18505,3669.89789200,1
1506351779,22213034,0.18507,1624.57906000,1
1506351773,22213022,0.18506,16678.03482000,1
1506351773,22213020,0.18507,1800.60062000,1
1506351772,22213019,0.18529,161.30680126,1
1506351759,22212987,0.18508,529.93216408,1
1506351759,22212986,0.18541,161.50915224,1
1506351759,22212985,0.18600,17.44023768,1
1506351744,22212933,0.18600,406.97623232,1
1506351681,22212755,0.18600,575.58353000,0
1506351664,22212730,0.18600,1728.41647000,0
1506351588,22212564,0.18543,42.78800000,0
1506351586,22212557,0.18600,957.21200000,1
1506351544,22212474,0.18688,2072.39185573,0
1506351543,22212467,0.18681,161.50915224,0
1506351543,22212463,0.18669,161.30707540,0
1506351543,22212461,0.18657,161.10502513,0
1506351542,22212460,0.18655,2509.71138000,0
1506351542,22212457,0.18650,250.00000000,0
1506351540,22212456,0.18645,160.90286463,0
1506351527,22212438,0.18600,1200.00000000,1
1506351508,22212411,0.18600,1000.00000000,1
1506351505,22212406,0.18645,7342.68867042,1
1506351505,22212405,0.18645,3157.21200000,1
1506351505,22212403,0.18644,619.68182000,0
1506351504,22212402,0.18633,160.70086917,0
1506351504,22212401,0.18633,6629.47540000,1
1506351504,22212400,0.18632,3098.40911000,0
1506351503,22212393,0.18630,4594.07167284,0
1506351503,22212392,0.18621,160.49903992,0
1506351501,22212389,0.18602,1000.00000000,0
1506351500,22212379,0.18596,12842.78800000,0
1506351437,22212293,0.18531,30.00000000,1
1506351375,22212224,0.18601,341.01080587,0
1506351353,22212190,0.18510,1000.00000000,1
1506351341,22212178,0.18602,33114.80077875,1
1506351336,22212174,0.18592,4373.79582000,0
1506351336,22212172,0.18590,15987.53500000,0
1506351272,22212111,0.18602,5490.23571814,1
1506351272,22212110,0.18600,5290.26195652,0
1506351270,22212109,0.18594,15998.48138000,0
1506351259,22212096,0.18600,670.36704301,0
1506351234,22212012,0.18501,890.55251554,1
1506351234,22212011,0.18502,2656.11791000,1
1506351233,22212010,0.18530,1401.17360000,1
1506351231,22212003,0.18566,491.76545836,1
1506351138,22211848,0.18592,2632.86721100,1
1506351137,22211845,0.18592,7351.73310300,1
1506351096,22211719,0.18592,56.00000000,1
1506351080,22211666,0.18592,56.00000000,1
1506351068,22211648,0.18592,56.00000000,1
1506351057,22211622,0.18592,56.00000000,1
1506351044,22211586,0.18592,56.00000000,1
1506351036,22211575,0.18592,4720.42405500,1
1506351006,22211515,0.18592,2589.72316000,0
1506350963,22211396,0.18501,1292.21343300,1
1506350947,22211347,0.18410,5913.91572028,0
1506350947,22211346,0.18410,38954.96568600,0
1506350946,22211344,0.18410,2500.00000000,0
1506350945,22211338,0.18410,108.63661054,0
1506350945,22211336,0.18410,1629.54915807,0
1506350944,22211332,0.18410,2500.00000000,0
1506350943,22211331,0.18410,1785.88452537,0
1506350943,22211329,0.18410,10213.78688000,0
1506350943,22211328,0.18481,160.49903992,1
1506350943,22211326,0.18491,700.00000000,1
1506350942,22211325,0.18494,700.00000000,1
1506350942,22211323,0.18494,700.00000000,1
1506350942,22211321,0.18494,700.00000000,1
1506350942,22211319,0.18501,2230.76237982,1
1506350940,22211310,0.18501,269.23762018,1
1506350937,22211304,0.18622,9984.48733016,0
1506350937,22211302,0.18517,615.47027000,0
1506350935,22211297,0.18490,700.00000000,0
1506350934,22211296,0.18351,40444.98254351,1
1506350934,22211295,0.18351,24960.39775099,1
1506350934,22211294,0.18352,5000.00000000,1
1506350933,22211292,0.18399,10000.00000000,1
1506350933,22211289,0.18403,1937.10692984,1
1506350932,22211287,0.18403,562.89307016,1
1506350932,22211286,0.18404,5000.00000000,1
1506350932,22211285,0.18410,37.06453000,1
1506350932,22211284,0.18425,5000.00000000,1
1506350932,22211281,0.18426,466.28972000,0
1506350931,22211280,0.18470,5000.00000000,1
1506350931,22211279,0.18470,2500.00000000,0
1506350931,22211277,0.18481,1325.36760000,1
1506350930,22211276,0.18482,2325.68800000,0
1506350930,22211275,0.18493,160.70086917,1
1506350930,22211273,0.18499,2324.44913000,1
1506350925,22211263,0.18499,17675.55087000,1
1506350925,22211262,0.18500,2567.47013000,1
1506350910,22211237,0.18505,16125.17255346,0
1506350887,22211168,0.18505,160.90286463,1
1506350879,22211145,0.18517,10399.52973000,0
1506350854,22211100,0.18517,2212.98933000,0
1506350854,22211099,0.18516,2787.01067000,0
1506350829,22211072,0.18517,1477.67060000,0
1506350828,22211071,0.18516,3323.32940000,0
1506350818,22211042,0.18517,0.00000435,1
1506350813,22211033,0.18517,161.10502078,1
1506350812,22211032,0.18517,64.43877922,1
1506350795,22210996,0.18530,1211.79689540,0
1506350795,22210995,0.18527,3787.20310460,0
1506350786,22210982,0.18527,161.30707540,0
1506350779,22210969,0.18528,161.50915224,0
1506350776,22210964,0.18517,1368.18549600,1
1506350773,22210959,0.18530,281.00000000,0
1506350772,22210958,0.18553,112.31844695,1
1506350767,22210945,0.18551,49.39321824,0
1506350766,22210940,0.18530,1432.62427500,1
1506350765,22210939,0.18530,20000.00000000,1
1506350761,22210933,0.18530,5948.65945816,1
1506350761,22210932,0.18550,5000.00000000,1
1506350761,22210931,0.18565,74.46054184,1
1506350760,22210929,0.18565,87.45366060,1
1506350749,22210902,0.18577,162.11676338,1
1506350732,22210854,0.18530,606.89000000,1
1506350725,22210830,0.18530,2940.65349120,1
1506350725,22210829,0.18531,2632.93038000,1
1506350725,22210827,0.18589,162.31961980,1
1506350725,22210826,0.18590,4261.38700000,1
1506350721,22210809,0.18590,2581.61300000,1
1506350719,22210798,0.18590,10000.00000000,1
1506350696,22210732,0.18590,800.00000000,1
1506350691,22210703,0.18590,2137.00000000,1
1506350685,22210690,0.18590,220.00000000,1
1506350681,22210674,0.18591,16056.60346400,1
1506350677,22210660,0.18591,2986.30000000,1
1506350654,22210612,0.18601,1608.95500242,0
1506350646,22210599,0.18591,5957.09653600,1
1506350646,22210597,0.18600,2000.00000000,1
1506350634,22210576,0.18601,162.52249801,1
1506350615,22210535,0.18610,174.32342456,0
1506350615,22210534,0.18610,125.67657544,0
1506350595,22210439,0.18610,4254.32342456,1
1506350592,22210426,0.18610,754.00000000,1
1506350533,22210276,0.18610,56.00000000,1
1506350524,22210255,0.18610,28669.08368989,1
1506350524,22210253,0.18611,16477.81018000,1
1506350524,22210252,0.18615,4729.01875000,1
1506350524,22210251,0.18631,124.08738011,1
1506350520,22210246,0.18680,146.88693554,1
1506350502,22210177,0.18680,56.00000000,1
1506350497,22210161,0.18708,9450.13524998,1
1506350496,22210159,0.18708,8445.29700000,1
1506350495,22210158,0.18708,2500.00000000,1
1506350495,22210157,0.18708,743.49778000,1
1506350494,22210154,0.18706,2217.13790000,0
1506350494,22210153,0.18706,2217.13790000,0
1506350494,22210152,0.18706,2217.13790000,0
1506350494,22210151,0.18706,2217.13790000,0
1506350494,22210150,0.18706,2217.13790000,0
1506350494,22210149,0.18706,2217.13790000,0
1506350493,22210148,0.18702,2500.00000000,0
1506350489,22210139,0.18680,56.00000000,1
1506350478,22210111,0.18680,56.00000000,1
1506350475,22210102,0.18739,1307.52847003,0
1506350475,22210099,0.18733,272.26420204,0
1506350475,22210096,0.18720,380.87747900,0
1506350474,22210094,0.18720,127.02575300,0
1506350474,22210092,0.18720,92.09676800,0
1506350474,22210090,0.18720,35.00000000,0
1506350474,22210088,0.18713,271.69556458,0
1506350474,22210087,0.18710,35.00000000,0
1506350473,22210085,0.18710,35.00000000,0
1506350473,22210084,0.18700,500.00000000,0
1506350473,22210081,0.18700,600.00000000,0
1506350473,22210078,0.18693,271.12772334,0
1506350472,22210076,0.18680,600.00000000,0
1506350472,22210073,0.18673,270.56022882,0
1506350471,22210066,0.18666,500.00000000,0
1506350470,22210065,0.18660,535.84565900,0
1506350448,22210024,0.18649,56.00000000,1
1506350430,22209957,0.18647,382.99200000,1
1506350417,22209921,0.18647,56.00000000,1
1506350404,22209868,0.18660,64.15434100,0
1506350398,22209846,0.18646,10000.00000000,1
1506350388,22209819,0.18640,600.00000000,0
1506350388,22209816,0.18633,269.42906894,0
1506350371,22209770,0.18631,56.00000000,1
1506350371,22209767,0.18631,19958.85666783,0
1506350360,22209721,0.18620,56.00000000,1
1506350306,22209489,0.18631,41.14333217,0
1506350306,22209487,0.18625,269.99331709,0
1506350306,22209485,0.18620,600.00000000,0
1506350306,22209482,0.18620,35.00000000,0
1506350306,22209481,0.18613,268.86335074,0
1506350306,22209480,0.18610,35.00000000,0
1506350303,22209467,0.18606,2000.00000000,0
1506350290,22209374,0.18606,3982.33202359,1
1506350290,22209371,0.18600,2413.86190923,0
1506350289,22209365,0.18600,488.84079347,0
1506350289,22209362,0.18600,600.00000000,0
1506350289,22209360,0.18600,1530.02493495,0
1506350286,22209334,0.18600,1255.36927509,0
1506350286,22209331,0.18593,268.29847023,0
1506350280,22209249,0.18583,743.93166161,0
1506350280,22209241,0.18583,2710.56502475,0
1506350274,22209177,0.18583,900.00000000,0
1506350266,22209101,0.18563,3501.50349900,1
1506350266,22209097,0.18583,1976.17387179,0
1506350262,22209060,0.18563,2394.03810000,1
1506350254,22208960,0.18583,10599.95760016,0
1506350254,22208948,0.18583,3069.37184169,0
1506350254,22208943,0.18580,600.00000000,0
1506350254,22208938,0.18573,267.73420507,0
1506350254,22208936,0.18564,15178.60000000,0
1506350253,22208934,0.18560,600.00000000,0
1506350253,22208932,0.18558,240.81279000,0
1506350253,22208930,0.18553,43.48116324,0
1506350252,22208924,0.18553,223.68940004,0
1506350252,22208921,0.18550,250.00000000,0
1506350252,22208919,0.18540,600.00000000,0
1506350251,22208916,0.18533,266.60732012,0
1506350251,22208914,0.18520,35.00000000,0
1506350251,22208911,0.18520,600.00000000,0
1506350251,22208908,0.18517,4776.31057984,0
1506350250,22208896,0.18517,223.68942016,0
1506350248,22208879,0.18514,5000.00000000,0
1506350248,22208876,0.18513,1204.06394000,0
1506350248,22208875,0.18513,266.04471559,0
1506350247,22208873,0.18511,2800.32558687,0
1506350247,22208871,0.18510,0.00003816,0
1506350242,22208821,0.18510,34.99996184,0
1506350242,22208820,0.18510,35.00000000,0
1506350242,22208818,0.18509,180.99283856,0
1506350241,22208816,0.18500,1849.79134960,0
1506350241,22208815,0.18497,1319.84955000,0
1506350230,22208736,0.18500,8150.20865040,0
1506350230,22208735,0.18500,670.66000000,0
1506350230,22208734,0.18500,2553.54000000,0
1506350229,22208733,0.18500,7288.55536473,0
1506350229,22208732,0.18500,85.00000000,0
1506350229,22208730,0.18500,600.00000000,0
1506350229,22208728,0.18498,5385.31353487,0
1506350229,22208727,0.18498,18616.68646513,0
1506350228,22208726,0.18497,731.27755000,0
1506350228,22208725,0.18496,1849.79134987,0
1506350225,22208695,0.18496,950.53423700,0
1506350224,22208694,0.18493,265.48275789,0
1506350224,22208693,0.18493,685.05147887,0
1506350224,22208692,0.18491,83.17288000,0
1506350221,22208680,0.18480,600.00000000,0
1506350220,22208677,0.18473,264.92122093,0
1506350220,22208674,0.18460,299.89680391,0
1506350207,22208580,0.18446,1689.84723650,1
1506350201,22208520,0.18439,1690.02319783,0
1506350201,22208519,0.18437,7667.15800000,0
1506350186,22208390,0.18460,300.10319609,0
1506350186,22208387,0.18453,264.36034642,0
1506350186,22208383,0.18450,250.00000000,0
1506350185,22208381,0.18445,94.19353000,0
1506350185,22208379,0.18444,180.56236000,0
1506350185,22208376,0.18440,600.00000000,0
1506350184,22208373,0.18439,902.81179000,0
1506350184,22208371,0.18433,263.79990733,0
1506350184,22208369,0.18420,35.00000000,0
1506350183,22208368,0.18420,600.00000000,0
1506350183,22208364,0.18413,263.24014651,0
1506350183,22208361,0.18410,35.00000000,0
1506350176,22208324,0.18400,1000.00000000,0
1506350176,22208322,0.18400,600.00000000,0
1506350149,22208174,0.18383,16680.10395000,0
1506350115,22208098,0.18312,1500.81810000,1
1506350112,22208079,0.18388,10186.00000000,1
1506350101,22208042,0.18389,2500.00000000,1
1506350092,22208033,0.18388,2145.00000000,1
1506350057,22207953,0.18388,38669.00000000,1
1506350040,22207928,0.18388,10000.00000000,1
1506349968,22207828,0.18394,2657.69344881,1
1506349967,22207827,0.18394,2453.61281953,0
1506349924,22207704,0.18306,14197.40000000,1
1506349905,22207662,0.18390,462.71239804,0
1506349903,22207654,0.18389,790.31555000,0
1506349858,22207545,0.18393,6252.82432800,1
1506349852,22207529,0.18393,20150.00000000,1
1506349851,22207521,0.18393,3364.74161300,1
1506349850,22207519,0.18393,845.47591800,1
1506349846,22207500,0.18393,196.88974100,1
1506349836,22207468,0.18393,505.00000000,1
1506349835,22207463,0.18393,997.26158300,1
1506349835,22207458,0.18393,4031.89084700,1
1506349833,22207450,0.18393,1360.46970000,1
1506349829,22207437,0.18393,1356.45750000,1
1506349829,22207436,0.18393,938.98877000,0
1506349782,22207244,0.18392,8584.24298000,1
1506349779,22207232,0.18392,623.42600000,1
1506349778,22207217,0.18392,8250.46500000,0
1506349777,22207216,0.18391,1325.64230000,0
1506349730,22206985,0.18394,817.38718047,0
1506349730,22206984,0.18393,262.68083605,0
1506349730,22206982,0.18391,1349.63610000,0
1506349730,22206981,0.18389,2860.55784000,0
1506349712,22206841,0.18388,271.26386773,1
1506349711,22206835,0.18388,1115.83423972,1
1506349711,22206833,0.18387,100.00000000,0
1506349710,22206825,0.18380,411.94298872,0
1506349707,22206807,0.18380,188.05701128,0
1506349707,22206805,0.18373,262.12221994,0
1506349707,22206803,0.18360,70.94290278,0
1506349706,22206797,0.18360,529.05709722,0
1506349706,22206796,0.18353,261.56406935,0
1506349706,22206795,0.18350,700.00000000,0
1506349706,22206794,0.18350,250.00000000,0
1506349706,22206792,0.18340,600.00000000,0
1506349706,22206791,0.18333,261.00662943,0
1506349696,22206741,0.18320,35.00000000,0
1506349696,22206739,0.18320,600.00000000,0
1506349696,22206736,0.18310,35.00000000,0
1506349695,22206734,0.18310,35.00000000,0
1506349695,22206731,0.18305,6396.59926270,0
1506349680,22206597,0.18305,10000.00000000,0
1506349663,22206494,0.18305,3393.57173129,0
1506349663,22206491,0.18304,880.49722000,0
1506349662,22206483,0.18304,235.13300000,0
1506349662,22206476,0.18305,235.15860000,0
1506349659,22206461,0.18305,12603.60441600,0
1506349652,22206417,0.18305,17371.06599001,0
1506349652,22206416,0.18304,1325.50125000,0
1506349652,22206415,0.18300,600.00000000,0
1506349652,22206414,0.18280,600.00000000,0
1506349652,22206413,0.18274,60.89830667,0
1506349652,22206412,0.18271,67.86404732,0
1506349648,22206388,0.18268,3189.69564472,0
1506349648,22206386,0.18268,841.19955700,0
1506349646,22206375,0.18268,400.50102841,0
1506349643,22206354,0.18268,3546.80328755,0
1506349643,22206351,0.18267,43.39338545,0
1506349641,22206336,0.18267,1531.45959455,0
1506349633,22206274,0.18268,14590.68992983,0
1506349628,22206226,0.18268,2114.62453577,0
1506349625,22206191,0.18201,1111.05940926,1
1506349600,22205915,0.18236,84.35320000,1
1506349600,22205913,0.18236,84.35320000,1
1506349600,22205910,0.18237,84.35320000,1
1506349596,22205869,0.18269,56.00000000,1
1506349595,22205865,0.18269,23676.74930210,0
1506349594,22205845,0.18269,6323.25069790,0
1506349593,22205840,0.18268,346.78560000,0
1506349593,22205836,0.18267,257.29403227,0
1506349592,22205831,0.18260,600.00000000,0
1506349592,22205826,0.18250,250.00000000,0
1506349592,22205819,0.18249,3516.68410000,0
1506349591,22205812,0.18247,260.15866628,0
1506349591,22205807,0.18244,252.34253386,0
1506349590,22205800,0.18240,600.00000000,0
1506349590,22205795,0.18232,84.35324000,0
1506349590,22205790,0.18227,259.59945519,0
1506349589,22205784,0.18226,1663.70816482,0
1506349589,22205775,0.18220,35.00000000,0
1506349589,22205771,0.18220,600.00000000,0
1506349589,22205764,0.18210,35.00000000,0
1506349588,22205757,0.18207,259.05208417,0
1506349588,22205753,0.18200,5062.80992108,0
1506349587,22205751,0.18200,1733.92800000,0
1506349587,22205749,0.18200,929.05208400,0
1506349587,22205748,0.18200,1663.70816500,0
1506349587,22205740,0.18200,3838.46153846,0
1506349585,22205719,0.18200,3904.38497500,0
1506349584,22205715,0.18199,1733.92800000,0
1506349581,22205663,0.18200,4271.03170900,0
1506349581,22205657,0.18200,600.00000000,0
1506349581,22205652,0.18196,6623.00000000,0
1506349576,22205593,0.18187,134.33850714,0
1506349576,22205590,0.18187,258.50405833,0
1506349576,22205587,0.18186,115.33630881,0
1506349576,22205584,0.18180,143.91887606,0
1506349569,22205488,0.18180,254.74896700,0
1506349567,22205462,0.18180,201.33215694,0
1506349562,22205403,0.18176,88.55653093,0
1506349561,22205400,0.18176,113.08305344,0
1506349561,22205395,0.18175,153.95046750,0
1506349561,22205391,0.18170,93.23898000,0
1506349540,22205200,0.18163,153.75221516,0
1506349540,22205199,0.18151,153.55416802,0
1506349535,22205170,0.18150,250.00000000,0
1506349535,22205167,0.18150,60.52989179,0
1506349529,22205128,0.18150,2000.30097774,0
1506349525,22205085,0.18150,821.38431100,0
1506349514,22205003,0.18150,883.66640783,0
1506349514,22204999,0.18139,153.35618217,0
1506349514,22204997,0.18137,1828.30411000,0
1506349507,22204914,0.18127,153.15840382,0
1506349506,22204912,0.18115,152.96068869,0
1506349506,22204910,0.18110,40.00000000,0
1506349506,22204908,0.18103,152.76318342,0
1506349506,22204907,0.18100,400.00000000,0
1506349484,22204722,0.18099,3611.08405997,0
1506349478,22204673,0.18098,6539.49187239,0
1506349478,22204670,0.18091,152.56559729,0
1506349478,22204669,0.18087,1140.27747032,0
1506349460,22204543,0.18087,1859.72252968,0
1506349460,22204542,0.18087,1547.02766032,0
1506349460,22204539,0.18087,1624.14941150,0
1506349460,22204537,0.18079,152.36836921,0
1506349459,22204534,0.18067,152.17120829,0
1506349453,22204484,0.18061,1600.00000000,0
1506349446,22204445,0.18050,1170.98440578,0
1506349446,22204442,0.18050,150.00000000,0
1506349439,22204405,0.18010,9337.57126319,1
1506349419,22204369,0.18050,3679.01559422,0
1506349419,22204368,0.18049,22200.72742778,0
1506349381,22204260,0.18049,116.10945200,0
1506349338,22204152,0.17964,61.16923100,1
1506349176,22203959,0.18000,173.41578947,0
1506349127,22203908,0.18001,782.00000000,1
1506349111,22203898,0.18000,8130.19900000,1
1506349016,22203847,0.18001,258.01300000,1
1506349002,22203838,0.18000,7328.56984200,0
1506349002,22203837,0.17980,425.13420000,0
1506348964,22203797,0.17980,1984.86580000,0
1506348953,22203785,0.18000,850.58670550,0
1506348953,22203784,0.18000,1695.45366117,0
1506348945,22203774,0.18000,1928.68898883,0
1506348936,22203763,0.18000,1000.00000000,0
1506348860,22203649,0.18000,375.85735000,0
1506348721,22203576,0.17950,0.00001300,0
1506348718,22203575,0.17950,3472.31120000,0
1506348703,22203561,0.17950,1527.68878700,0
1506348604,22203466,0.18060,66.50666700,0
1506348550,22203430,0.18000,2467.21075965,1
1506348550,22203429,0.18000,8132.74684051,1
1506348550,22203428,0.18000,1752.33039000,1
1506348549,22203427,0.18000,1000.00000000,1
1506348549,22203426,0.18000,48844.92276949,1
1506348549,22203425,0.18001,270.00000000,1
1506348493,22203390,0.18000,3142.70787784,1
1506348463,22203350,0.18001,1000.00000000,1
1506348445,22203318,0.18031,537.70758854,0
1506348302,22203137,0.18001,4387.62668400,1
1506348301,22203136,0.18001,4376.60202300,1
1506348257,22203115,0.18001,61.16923100,1
1506348160,22203082,0.18001,477.60206200,1
1506348099,22203066,0.18000,2311.18000000,1
1506348019,22203022,0.18000,11.54787667,1
1506348019,22203021,0.18010,336.86979733,1
1506348015,22203018,0.18010,169.74500000,1
1506347974,22202971,0.18010,9000.00000000,0
1506347974,22202970,0.18009,2500.00000000,0
1506347967,22202969,0.18029,5000.00000000,1
1506347967,22202968,0.18029,10000.00000000,1
1506347967,22202967,0.18029,10000.00000000,1
1506347954,22202962,0.18000,36141.52094600,1
1506347954,22202961,0.18001,1784.91278000,1
1506347954,22202960,0.18032,9982.18400000,1
1506347953,22202957,0.18030,7517.81600000,0
1506347952,22202956,0.18029,2500.00000000,0
1506347830,22202894,0.18000,10599.95760000,0
1506347829,22202893,0.17998,7721.71293000,0
1506346918,22202421,0.18000,10599.95760000,1
1506346892,22202403,0.18051,6519.45408299,0
1506346892,22202402,0.18050,1449.81502000,0
1506346892,22202401,0.18050,2500.00000000,0
1506346869,22202390,0.18060,13857.75535348,0
1506346868,22202389,0.18037,357.97902000,0
1506346868,22202388,0.18037,1789.89509000,0
1506346868,22202387,0.18000,10599.95760016,1
1506346868,22202386,0.18000,1753.00000000,0
1506346868,22202385,0.17980,5000.00000000,0
1506346866,22202383,0.17950,5000.00000000,0
1506346804,22202361,0.17927,66.69192200,0
1506346800,22202356,0.17927,152.17120829,1
1506346700,22202323,0.17995,916.15403745,1
1506346691,22202302,0.17998,2787.78547616,0
1506346546,22202233,0.17901,5470.21632063,1
1506346546,22202232,0.17908,1468.16310000,1
1506346546,22202231,0.17920,21687.00000000,1
1506346546,22202230,0.17921,619.86604000,1
1506346545,22202229,0.17921,3102.42857000,1
1506346545,22202228,0.17939,152.36836921,1
1506346545,22202227,0.18000,7499.95760016,1
1506346545,22202226,0.18000,2800.00000000,1
1506346542,22202223,0.18000,300.00000000,1
1506346442,22202185,0.18049,2997.12248905,1
1506346440,22202184,0.18049,2500.00000000,0
1506346419,22202179,0.18050,413.00000000,0
1506346369,22202154,0.18040,554.29299928,0
1506346345,22202139,0.18086,13488.80023222,0
1506346344,22202138,0.18079,152.36836921,0
1506346344,22202137,0.18078,5000.00000000,1
1506346344,22202136,0.18078,394.70204000,0
1506346344,22202135,0.18067,152.17120829,0
1506346343,22202134,0.18061,2463.44283144,0
1506346343,22202133,0.18055,151.97411533,0
1506346343,22202132,0.18050,250.00000000,0
1506346343,22202131,0.18043,151.77709115,0
1506346342,22202130,0.18031,151.58028356,0
1506346342,22202129,0.18030,1973.51021000,0
1506346342,22202128,0.18029,7843.15100000,0
1506346342,22202127,0.18023,100.00000000,0
1506346341,22202126,0.18019,151.38369396,0
1506346341,22202125,0.18008,1000.00000000,0
1506346341,22202124,0.18007,151.18702896,0
1506346340,22202123,0.18000,10599.95760016,0
1506346142,22202015,0.17985,1745.36479300,1
1506346059,22202004,0.17999,4380.00000000,0
1506346014,22201996,0.18000,4380.00000000,0
1506345967,22201956,0.17986,7495.28200000,1
1506345940,22201947,0.17985,10000.00000000,0
1506345905,22201937,0.17982,13980.84533100,0
1506345854,22201898,0.17982,18713.15466900,0
1506345751,22201839,0.17984,2344.24121441,0
1506345749,22201838,0.17980,506.84013000,0
1506345738,22201833,0.17901,61.16923100,1
1506345695,22201799,0.17922,245.00000000,0
1506345660,22201773,0.17933,2500.00000000,0
1506345659,22201772,0.17934,2209.00000000,1
1506345301,22201575,0.17984,3754.73821174,0
1506345299,22201573,0.17950,2184.28719928,0
1506344657,22201152,0.17893,61.35802500,1
1506344638,22201132,0.17894,2884.09182600,1
1506344546,22201064,0.17950,3415.71760445,0
1506344545,22201063,0.17947,6344.72100000,0
1506344541,22201057,0.17911,245.00000000,0
1506344431,22201003,0.17871,107.46335900,1
1506344431,22201002,0.17872,1510.86733000,1
1506344401,22200899,0.17872,4917.22555800,1
1506344400,22200898,0.17872,1300.26718000,1
1506344108,22200780,0.17871,416.09423300,1
1506344108,22200779,0.17872,1202.32332000,1
1506344084,22200764,0.17871,300.00000000,1
1506344084,22200763,0.17872,1328.60724000,1
1506344066,22200754,0.17925,300.00000000,1
1506343982,22200709,0.17871,527.83033300,1
1506343981,22200708,0.17871,1468.25238000,1
1506343962,22200703,0.17870,1629.01000000,1
1506343961,22200702,0.17870,2412.37546000,1
1506343961,22200701,0.17871,1622.47454000,1
1506343949,22200693,0.17870,10196.00569200,1
1506343949,22200692,0.17871,94.83039000,1
1506343949,22200691,0.17871,1698.07000000,1
1506343576,22200582,0.17952,5139.77974599,0
1506343366,22200496,0.17981,281.98056281,1
1506343297,22200418,0.17981,225.67461702,1
1506343295,22200417,0.17950,11417.43263298,0
1506343295,22200416,0.17941,4027.16231000,0
1506343295,22200415,0.17939,16999.12308000,0
1506343204,22200353,0.17871,66.73281700,0
1506343200,22200352,0.17821,1064.42927104,1
1506343200,22200351,0.17867,151.18702896,1
1506343169,22200337,0.17936,2994.10000000,0
1506342138,22199914,0.17868,61.73913000,1
1506342062,22199868,0.17879,151.38369396,1
1506342062,22199867,0.17888,0.00000029,1
1506342060,22199865,0.17888,6498.46274200,1
1506342060,22199864,0.17888,2367.85847100,1
1506342060,22199863,0.17888,3895.34018100,1
1506342000,22199852,0.17888,1004.90014000,1
1506341861,22199820,0.17888,6188.43846571,1
1506341861,22199819,0.17888,533.25876229,1
1506341861,22199818,0.17889,270.00000000,1
1506341849,22199791,0.17888,1989.83059100,1
1506341849,22199790,0.17889,270.00000000,1
1506341816,22199776,0.17888,2927.96752700,1
1506341790,22199751,0.17888,1116.48296700,1
1506341790,22199750,0.17889,270.00000000,1
1506341769,22199737,0.17888,5000.00000000,1
1506341764,22199734,0.17888,2000.65822500,1
1506341762,22199733,0.17888,2575.58365100,1
1506341762,22199732,0.17889,1025.56770000,1
1506341658,22199672,0.17888,19178.43864000,1
1506341658,22199671,0.17888,890.00666800,1
1506341642,22199661,0.17888,9219.63932800,1
1506341597,22199656,0.17888,762.29476858,1
1506341597,22199655,0.17889,127.71189842,1
1506341533,22199637,0.17925,908.56898398,1
1506341531,22199636,0.17925,4531.04050000,0
1506341404,22199582,0.17947,66.69935400,0
1506341196,22199474,0.17891,417.26454641,0
1506341057,22199379,0.17889,61.35802500,1
1506341013,22199368,0.17891,188.64252966,0
1506341009,22199362,0.17891,173.45732486,0
1506340800,22199222,0.17888,1179.49333000,1
1506340797,22199221,0.17893,2034.52095557,0
1506340749,22199214,0.17888,196.47426400,1
1506340642,22199198,0.17888,17223.88130000,1
1506340642,22199197,0.17890,500.00000000,1
1506340408,22199070,0.17900,5446.08746700,1
1506340297,22199024,0.17900,730.00000000,1
1506340297,22199023,0.17901,270.00000000,1
1506340255,22198953,0.17900,43823.91253300,1
1506340255,22198952,0.17902,270.00000000,1
1506340255,22198951,0.17903,16576.58338000,1
1506340242,22198941,0.17901,230.00000000,0
1506340241,22198940,0.17905,270.00000000,1
1506340231,22198937,0.17997,37.19097627,0
1506340229,22198936,0.17901,131.30840000,0
1506340229,22198935,0.17904,270.00000000,1
1506340204,22198925,0.17930,552.13468000,1
1506340204,22198924,0.17931,270.00000000,1
1506340194,22198917,0.17935,24648.90599980,1
1506340169,22198893,0.17935,75351.09400020,1
1506340169,22198891,0.17940,2425.90599980,1
1506340169,22198887,0.17940,12985.82641900,1
1506340152,22198871,0.17940,259.72441207,1
1506340151,22198868,0.17940,2992.50450000,1
1506340131,22198856,0.17940,5000.00000000,1
1506340116,22198849,0.17940,109.03741200,1
1506340104,22198842,0.17940,122.87700000,1
1506340100,22198841,0.17940,19393.95242900,1
1506340098,22198839,0.17940,17564.10256400,1
1506340060,22198816,0.17940,9442.38544300,1
1506340053,22198815,0.17940,18194.82713200,1
1506340040,22198802,0.17940,11508.85668913,1
1506340040,22198801,0.17950,5515.43175487,1
1506340040,22198800,0.17950,35159.70996500,1
1506340009,22198783,0.17950,1440.15037900,1
1506340006,22198781,0.17950,1610.99337700,1
1506339918,22198733,0.17950,2000.00000000,1
1506339848,22198683,0.17950,3611.39904600,1
1506339812,22198665,0.17950,6177.74723300,1
1506339812,22198664,0.17950,9203.94521600,1
1506339812,22198663,0.17950,840.59078900,1
1506339684,22198618,0.17950,7777.50696000,1
1506339683,22198617,0.17951,961.24652000,0
1506339683,22198616,0.17951,961.24652000,1
1506339682,22198615,0.17951,300.00000000,1
1506339624,22198597,0.17951,200.00000000,1
1506339611,22198592,0.18007,200.00000000,0
1506339604,22198585,0.17976,66.50666700,0
1506339433,22198545,0.17950,44389.00563400,1
1506339433,22198544,0.17951,1062.21643000,1
1506339178,22198476,0.17950,11118.09834700,1
1506339175,22198445,0.17950,822.13468000,1
1506339161,22198429,0.17950,20163.61763300,1
1506339151,22198411,0.17950,2410.58414500,1
1506339150,22198410,0.17950,2184.81427600,1
1506339150,22198407,0.17950,1089.70232000,1
1506338977,22198316,0.17930,1000.00000000,1
1506338950,22198275,0.17930,1525.93000000,1
1506338904,22198264,0.17990,11013.97160589,1
1506338904,22198263,0.17990,269.99900000,1
1506338834,22198218,0.18000,1077.90322200,1
1506338834,22198217,0.18000,2372.75097700,1
1506338833,22198216,0.18000,1751.59615200,1
1506338833,22198215,0.18000,5397.70724916,1
1506338833,22198214,0.18000,19779.28072684,1
1506338832,22198213,0.18000,920.80200000,1
1506338832,22198212,0.18000,3900.00000000,1
1506338832,22198211,0.18000,2706.19094800,1
1506338832,22198210,0.18000,3618.49039500,1
1506338830,22198209,0.18000,833.90600000,1
1506338828,22198208,0.18000,10599.95760016,0
1506338828,22198207,0.17990,270.00000000,0
1506338819,22198205,0.17930,24908.46000000,1
1506338812,22198198,0.17930,1023.88267300,1
1506338812,22198197,0.17931,270.00000000,1
1506338773,22198170,0.17930,5134.38664700,1
1506338771,22198169,0.17930,15855.20600000,1
1506338771,22198168,0.17950,48334.46272600,1
1506338771,22198167,0.17950,1665.53727400,1
1506338538,22198088,0.17901,61.16923100,1
1506338449,22198051,0.17994,1806.13726797,0
1506338448,22198014,0.17948,1246.00000000,0
1506338382,22197961,0.17948,8978.20237600,1
1506338378,22197951,0.17948,6642.53435941,0
1506338218,22197798,0.17900,55.00000000,1
1506338176,22197787,0.17900,19769.39396900,1
1506338176,22197786,0.17901,2121.70028000,1
1506338023,22197752,0.17948,2028.58129039,0
1506337895,22197710,0.17888,35205.76546800,1
1506337895,22197709,0.17889,2346.13037000,1
1506337895,22197708,0.17889,990.00000000,1
1506337895,22197707,0.17889,55665.10416200,1
1506337851,22197687,0.17889,1624.84224700,1
1506337851,22197686,0.17890,2592.42356000,1
1506337815,22197677,0.17889,5486.39618600,1
1506337815,22197676,0.17890,662.11340700,1
1506337810,22197674,0.17890,2202.61268300,1
1506337803,22197669,0.17923,66.79239000,0
1506337796,22197662,0.17890,2626.94090756,1
1506337701,22197628,0.17889,5156.30515800,1
1506337701,22197627,0.17890,3441.55543000,1
1506337525,22197587,0.17889,9557.48595700,1
1506337525,22197586,0.17891,3802.60187000,1
1506337525,22197585,0.17892,2500.00000000,1
1506337525,22197584,0.17892,270.00000000,1
1506337457,22197577,0.17891,61.29708000,1
1506337309,22197515,0.17999,1498.91011016,0
1506337211,22197466,0.17957,1246.00000000,0
1506337200,22197449,0.17909,582.98701000,1
1506337141,22197409,0.18000,5110.13738000,1
1506336926,22197164,0.18000,2744.91011000,1
1506336900,22197150,0.18017,5210.04850435,0
1506336896,22197149,0.18019,918.93243063,0
1506336886,22197142,0.18000,8682.74633400,1
1506336880,22197136,0.18000,17718.10000000,1
1506336879,22197135,0.18000,839.85900000,1
1506336878,22197134,0.18000,1014.71000000,1
1506336876,22197133,0.18000,10175.16864016,0
1506336538,22196961,0.17981,2258.08866000,0
1506336523,22196954,0.18000,0.00000016,1
1506336523,22196952,0.18000,5234.20236000,1
1506336506,22196949,0.17980,2682.87762000,0
1506336494,22196943,0.18023,22136.40460581,1
1506336494,22196942,0.18023,5244.87041600,1
1506336494,22196941,0.18023,1014.00300000,1
1506336493,22196940,0.18019,151.38369396,0
1506336493,22196939,0.18007,151.18702896,0
1506336493,22196938,0.18000,10599.95760016,1
1506336493,22196937,0.18000,1250.00000000,0
1506336493,22196936,0.18000,110.87031000,0
1506336492,22196935,0.17999,70707.03796943,0
1506336492,22196934,0.17997,3187.57737000,0
1506336492,22196933,0.17996,24377.96900000,1
1506336491,22196932,0.17996,52103.14100000,1
1506336491,22196931,0.17995,150.99058399,0
1506336491,22196930,0.17983,150.79421267,0
1506336489,22196929,0.17971,150.59791583,0
1506336459,22196920,0.17964,1205.53941000,1
1506336457,22196893,0.17965,1994.46059000,1
1506336419,22196873,0.17964,876.63045500,1
1506336419,22196872,0.17965,2120.97389000,1
1506336387,22196843,0.17964,24244.62662000,1
1506336387,22196842,0.17964,3001.40750000,1
1506336386,22196841,0.17964,12154.06906600,1
1506336385,22196840,0.17964,3331.50493000,1
1506336384,22196839,0.17964,684.13426700,1
1506336384,22196838,0.17965,1639.62258000,1
1506336383,22196836,0.17964,7742.13045800,1
1506336383,22196835,0.17964,5001.96682200,1
1506336383,22196834,0.17964,7742.13045800,1
1506336383,22196833,0.17964,7889.87437000,1
1506336382,22196829,0.17964,3041.31099000,1
1506336382,22196827,0.17964,790.95578300,1
1506336382,22196825,0.17964,1660.02700000,1
1506336381,22196820,0.17964,19417.68230600,1
1506336381,22196819,0.17964,2148.87674700,1
1506336381,22196817,0.17964,1204.79413300,1
1506336380,22196816,0.17964,2435.15476100,1
1506336373,22196807,0.17964,4981.55000000,1
1506336371,22196800,0.17964,1532.87233900,1
1506336371,22196799,0.17965,1811.84842000,1
1506336367,22196796,0.17964,924.05300000,1
1506336363,22196790,0.17964,11854.65346800,1
1506336363,22196789,0.17964,8249.64457395,1
1506336363,22196788,0.17965,1750.35542605,1
1506336361,22196786,0.17965,251.81029395,1
1506336350,22196756,0.17964,4745.77052000,1
1506336350,22196755,0.17964,994.09860000,1
1506336350,22196753,0.17964,994.09860000,1
1506336349,22196751,0.17964,994.09860000,1
1506336349,22196749,0.17964,994.09860000,1
1506336349,22196748,0.17964,994.09860000,1
1506336349,22196747,0.17964,994.09860000,1
1506336349,22196746,0.17964,994.09860000,1
1506336349,22196745,0.17964,994.09860000,1
1506336348,22196744,0.17964,994.09860000,1
1506336348,22196743,0.17964,994.09860000,1
1506336348,22196742,0.17964,1002.52310000,1
1506336348,22196741,0.17964,1002.52310000,1
1506336348,22196740,0.17964,1002.52310000,1
1506336348,22196739,0.17964,1002.52310000,1
1506336348,22196738,0.17964,1002.52310000,1
1506336347,22196737,0.17964,1002.52310000,1
1506336347,22196736,0.17964,1002.52310000,1
1506336346,22196735,0.17964,972.24150000,1
1506336346,22196734,0.17964,972.24150000,1
1506336346,22196733,0.17964,974.49530000,1
1506336346,22196732,0.17964,1002.52310000,1
1506336346,22196731,0.17964,1002.52310000,1
1506336346,22196730,0.17964,388.48852000,1
1506336346,22196729,0.17965,614.03458000,1
1506336345,22196728,0.17965,1003.01730000,1
1506336344,22196726,0.17964,974.49530000,1
1506336344,22196725,0.17964,974.49530000,1
1506336343,22196724,0.17964,3980.96040900,1
1506336343,22196723,0.17964,974.49530000,1
1506336343,22196722,0.17964,974.49530000,1
1506336342,22196721,0.17964,974.49530000,1
1506336342,22196720,0.17964,974.49530000,1
1506336342,22196719,0.17964,964.98930000,1
1506336342,22196718,0.17964,11233.73128700,1
1506336341,22196717,0.17964,7518.05908400,1
1506336340,22196714,0.17964,19096.73483600,1
1506336340,22196713,0.17964,1272.44000000,1
1506336340,22196712,0.17964,40332.44570200,1
1506336340,22196711,0.17964,12884.75178600,1
1506336340,22196710,0.17964,6720.00010100,1
1506336339,22196709,0.17964,8750.44923200,1
1506336339,22196708,0.17964,1586.18352300,1
1506336337,22196703,0.17959,150.40184251,0
1506336337,22196702,0.17947,150.20629097,0
1506336337,22196699,0.17935,150.01052082,0
1506336337,22196697,0.17932,464.96551000,0
1506336337,22196696,0.17923,149.81482932,0
1506336337,22196695,0.17911,149.61951534,0
1506336336,22196694,0.17899,149.42398411,0
1506336336,22196693,0.17887,8355.67461869,0
1506336336,22196692,0.17883,2324.82753000,0
1506336336,22196691,0.17881,17048.71124000,0
1506336336,22196690,0.17864,99.32165448,0
1506336004,22196480,0.17842,67.01298700,0
1506335859,22196440,0.17864,2355.97492963,0
1506335837,22196420,0.17837,650.00000000,0
1506335527,22196317,0.17811,8383.02375580,1
1506335527,22196316,0.17812,653.83106000,1
1506335527,22196315,0.17815,925.64288520,1
1506335049,22196085,0.17810,3044.65825500,1
1506335048,22196084,0.17810,9844.00594900,1
1506335048,22196083,0.17810,3130.26893100,1
1506335047,22196081,0.17810,7276.77484600,1
1506335045,22196080,0.17810,7808.25389400,1
1506334937,22196021,0.17810,61.35802500,1
1506334800,22195950,0.17810,582.88557000,1
1506334639,22195913,0.17810,2000.00000000,1
1506334304,22195775,0.17810,1773.54444000,1
1506334304,22195774,0.17811,540.00000000,1
1506334259,22195755,0.17810,17082.52853800,1
1506334259,22195754,0.17811,835.12521000,1
1506334254,22195753,0.17811,922.84419000,1
1506334235,22195740,0.17810,2042.53820300,1
1506334235,22195739,0.17811,1019.78579000,1
1506334203,22195722,0.17837,67.11442500,0
1506334073,22195690,0.17810,1785.15807200,1
1506334064,22195688,0.17810,134.18029000,1
1506333919,22195635,0.17810,1321.34400000,1
1506333909,22195630,0.17810,822.67539900,1
1506333904,22195629,0.17811,1273.90952000,1
1506333860,22195610,0.17840,1188.64828050,1
1506333860,22195609,0.17840,1044.65067600,1
1506333860,22195608,0.17840,1276.55477600,1
1506333860,22195607,0.17840,2165.05608100,1
1506333859,22195606,0.17841,73.48307300,1
1506333859,22195605,0.17841,61.35802500,1
1506333832,22195576,0.17841,18877.03936500,1
1506333832,22195575,0.17841,4483.81528600,1
1506333831,22195574,0.17841,18858.16233000,1
1506333704,22195481,0.17841,648.71064000,1
1506333636,22195457,0.17841,2879.57237700,1
1506333635,22195456,0.17841,9554.28725400,1
1506333635,22195455,0.17842,966.03301000,1
1506333607,22195444,0.17841,5002.76300700,1
1506333606,22195442,0.17841,2115.52751400,1
1506333606,22195438,0.17841,1887.09497700,1
1506333605,22195433,0.17841,1490.36812600,1
1506333600,22195416,0.17841,815.82531000,1
1506333598,22195415,0.17841,7058.89736400,1
1506333499,22195382,0.17841,2070.80287000,1
1506333446,22195371,0.17841,1729.69514200,1
1506333444,22195369,0.17841,22392.59734000,1
1506333444,22195367,0.17842,1067.50266000,1
1506333354,22195355,0.17842,1179.63259000,1
1506333231,22195327,0.17862,13058.19154456,0
1506332928,22195216,0.17862,5821.90958459,0
1506332926,22195215,0.17841,136.92990357,0
1506332868,22195202,0.17840,1121.40384077,1
1506332865,22195199,0.17840,1532.83690722,1
1506332863,22195196,0.17840,1531.32523374,1
1506332859,22195192,0.17840,1529.75757236,1
1506332857,22195189,0.17840,1528.24589888,1
1506332854,22195185,0.17840,1526.73422540,1
1506332850,22195182,0.17840,1525.22255192,1
1506332847,22195178,0.17840,1523.71087845,1
1506332844,22195174,0.17840,1522.14321706,1
1506332840,22195168,0.17840,1520.63154358,1
1506332836,22195165,0.17840,1519.11987010,1
1506332834,22195162,0.17840,1517.52323368,1
1506332831,22195159,0.17840,1516.01164483,1
1506332831,22195158,0.17840,1050.42146700,1
1506332829,22195155,0.17840,1514.41527179,1
1506332829,22195154,0.17840,864.25719800,1
1506332825,22195146,0.17840,1512.90376756,1
1506332821,22195137,0.17840,1511.39226333,1
1506332818,22195134,0.17840,1509.88075911,1
1506332814,22195130,0.17840,1508.36925488,1
1506332811,22195126,0.17840,1506.91373229,1
1506332808,22195123,0.17840,1505.40222806,1
1506332806,22195120,0.17840,1503.89072384,1
1506332801,22195115,0.17840,1502.37921961,1
1506332797,22195112,0.17840,1500.78369905,1
1506332792,22195109,0.17840,1499.32825794,1
1506332788,22195105,0.17840,1497.81683833,1
1506332785,22195102,0.17840,1496.30541871,1
1506332782,22195099,0.17840,1496.77708648,1
1506332779,22195095,0.17841,1303.61407000,0
1506332778,22195092,0.17840,192.92640547,1
1506332774,22195089,0.17840,192.75825346,1
1506332771,22195085,0.17840,192.53405078,1
1506332768,22195082,0.17840,192.36589877,1
1506332765,22195078,0.17840,192.19774676,1
1506332762,22195073,0.17840,191.97354408,1
1506332758,22195070,0.17840,191.80539207,1
1506332755,22195067,0.17840,191.58118939,1
1506332753,22195064,0.17840,191.41303738,1
1506332750,22195061,0.17840,191.24488537,1
1506332743,22195051,0.17840,186.05847438,1
1506332743,22195048,0.17841,1440.54400000,1
1506332739,22195045,0.17840,1624.97900688,1
1506332734,22195040,0.17840,694.51447125,1
1506332731,22195035,0.17840,1622.68375972,1
1506332727,22195032,0.17840,1621.06029222,1
1506332724,22195026,0.17840,1619.43682472,1
1506332721,22195025,0.17840,29202.65789300,1
1506332720,22195022,0.17840,1617.81335721,1
1506332717,22195017,0.17840,1616.18988971,1
1506332714,22195014,0.17840,1614.62240385,1
1506332711,22195009,0.17840,1612.99893634,1
1506332706,22195001,0.17840,1611.37546884,1
1506332703,22194965,0.17840,17.83895970,1
1506332702,22194963,0.17841,1591.85706000,1
1506332700,22194960,0.17840,1608.43272299,1
1506332696,22194951,0.17840,1606.86488605,1
1506332692,22194946,0.17840,1605.15117581,1
1506332689,22194942,0.17840,525.70745633,1
1506332641,22194891,0.17864,28583.60222066,1
1506332639,22194886,0.17864,2500.00000000,1
1506332639,22194884,0.17864,2425.26577934,1
1506332639,22194883,0.17860,15740.66500000,0
1506332638,22194882,0.17860,50750.46700000,0
1506332580,22194864,0.17810,5828.56636000,1
1506332559,22194848,0.17811,448.00000000,0
1506332557,22194845,0.17810,1119.28416000,1
1506332557,22194844,0.17810,3374.19487600,1
1506332557,22194843,0.17810,2333.74381800,1
1506332470,22194816,0.17810,3871.60821400,1
1506332469,22194815,0.17810,2643.88412600,1
1506332429,22194802,0.17810,3945.94691071,1
1506332405,22194792,0.17811,1314.02864000,1
1506332403,22194790,0.17816,67.17468200,0
1506332403,22194788,0.17811,448.00000000,1
1506332335,22194742,0.17821,976.88780652,0
1506332321,22194736,0.17810,1947.11061000,1
1506332319,22194735,0.17810,1140.45777300,1
1506332319,22194734,0.17811,1947.11061000,1
1506331337,22194137,0.17752,61.35802500,1
1506331312,22194079,0.17798,93.38136869,0
1506331302,22194073,0.17774,883.00000000,0
1506331211,22194045,0.17750,645.64459000,1
1506331201,22194036,0.17759,149.42398411,1
1506331092,22193993,0.17760,3903.48000000,0
1506331052,22193965,0.17798,1356.00000000,0
1506330981,22193909,0.17798,270.00000000,0
1506330977,22193907,0.17800,23035.72698236,1
1506330977,22193906,0.17801,270.00000000,1
1506330922,22193873,0.17800,3388.56555500,1
1506330908,22193866,0.17800,213.07509500,1
1506330837,22193826,0.17800,48760.47693950,1
1506330837,22193825,0.17801,969.52306050,1
1506330837,22193824,0.17802,270.00000000,1
1506330603,22193741,0.17885,66.98673800,0
1506330451,22193667,0.17883,167.33870156,0
1506330442,22193660,0.17842,87.93141895,0
1506330369,22193635,0.17800,1544.63735500,1
1506330330,22193604,0.17800,635.12789000,1
1506330319,22193595,0.17800,2243.76867400,1
1506330278,22193572,0.17800,1127.56640614,1
1506330278,22193571,0.17801,903.68169186,1
1506330259,22193546,0.17801,61.35802500,1
1506330020,22193424,0.17800,1458.85411000,1
1506330002,22193358,0.17800,1904.02893300,1
1506330000,22193356,0.17800,62.39665000,1
1506329990,22193342,0.17800,6204.15178000,1
1506329990,22193341,0.17801,1645.35197000,1
1506329956,22193299,0.17801,1139.34175500,1
1506329954,22193297,0.17801,1087.35453600,1
1506329926,22193256,0.17800,1997.36269700,1
1506329905,22193251,0.17801,1035.71814499,1
1506329905,22193250,0.17801,958.42678501,1
1506329708,22193183,0.17863,53.15689934,1
1506329708,22193181,0.17863,171.56336766,1
1506329704,22193180,0.17863,270.00000000,0
1506329646,22193135,0.17867,803.50444929,0
1506329585,22193081,0.17911,8072.95779130,1
1506329585,22193080,0.17900,21670.00000000,0
1506329585,22193079,0.17900,2536.19246487,1
1506329584,22193076,0.17899,2536.19250000,0
1506329584,22193075,0.17899,149.42398411,0
1506329584,22193073,0.17887,149.22853410,0
1506329584,22193072,0.17884,19002.90700000,0
1506329583,22193070,0.17875,149.03436312,0
1506329583,22193069,0.17871,13545.33300000,0
1506329583,22193068,0.17871,21055.26700000,0
1506329583,22193067,0.17863,148.83922961,0
1506329582,22193065,0.17851,148.64418036,0
1506329582,22193062,0.17847,81.61541743,0
1506329581,22193061,0.17839,148.44951668,1
1506329580,22193060,0.17839,148.44951668,0
1506329457,22192977,0.17800,1296.55147900,1
1506329453,22192974,0.17824,1222.00000000,1
1506329452,22192971,0.17800,1091.50300000,1
1506329417,22192955,0.17800,822.74100000,1
1506329415,22192954,0.17823,956.96843758,0
1506329361,22192925,0.17800,7242.82118900,1
1506329360,22192924,0.17800,18112.38597300,1
1506329360,22192923,0.17800,120.00000000,1
1506329359,22192922,0.17800,1401.28500400,1
1506329359,22192921,0.17801,1138.57500000,1
1506329330,22192894,0.17800,2216.38017500,1
1506329321,22192887,0.17800,2222.73600000,1
1506329320,22192886,0.17800,22897.85711300,1
1506329318,22192883,0.17800,931.79231500,1
1506329295,22192876,0.17800,9166.36331900,1
1506329295,22192875,0.17800,1108.11540000,1
1506329294,22192874,0.17800,2055.54872700,1
1506329292,22192873,0.17800,931.79231500,1
1506329274,22192856,0.17800,2987.28782900,1
1506329274,22192855,0.17800,10274.53193200,1
1506329269,22192851,0.17800,7615.64698400,1
1506329268,22192850,0.17800,4459.43362500,1
1506329268,22192849,0.17800,2118.53146700,1
1506329229,22192824,0.17800,4232.80423300,1
1506329216,22192819,0.17800,2166.39668500,1
1506329188,22192808,0.17800,1951.75516900,1
1506329130,22192769,0.17750,98168.59308431,1
1506329130,22192768,0.17751,1211.87887000,1
1506329130,22192767,0.17752,270.00000000,1
1506329130,22192766,0.17753,5249.84829000,1
1506329055,22192538,0.17700,270.00000000,0
1506329054,22192537,0.17700,14.00000000,1
1506329054,22192536,0.17705,957.87630612,1
1506329054,22192535,0.17707,1342.49605000,1
1506328834,22192429,0.17708,945.82710639,0
1506328819,22192418,0.17708,2426.56275205,0
1506328815,22192408,0.17708,1223.78290186,0
1506328811,22192404,0.17708,563.26331977,0
1506328804,22192403,0.17703,67.60334300,0
1506328702,22192367,0.17711,1999.00037269,0
1506328702,22192366,0.17710,0.25114490,0
1506328695,22192359,0.17710,502.19712278,0
1506328692,22192356,0.17710,1497.55173232,0
1506328629,22192287,0.17720,939.67632210,0
1506328629,22192286,0.17710,0.49975013,0
1506328619,22192256,0.17710,999.50024987,0
1506328595,22192219,0.17720,1000.00000000,0
1506328492,22192121,0.17700,400.00000000,1
1506328286,22191995,0.17699,91.74547335,1
1506328286,22191994,0.17699,148.44951668,1
1506328285,22191993,0.17706,311.16080000,1
1506328285,22191992,0.17706,148.64420997,1
1506328260,22191985,0.17780,931.39257592,0
1506328239,22191977,0.17700,162.51659003,0
1506328237,22191975,0.17700,148.64418036,0
1506328235,22191973,0.17700,270.00000000,0
1506328231,22191972,0.17723,148.83922961,1
1506328231,22191971,0.17724,270.00000000,1
1506328166,22191908,0.17809,2730.00000000,0
1506328166,22191907,0.17800,2000.00000000,0
1506328166,22191906,0.17799,270.00000000,0
1506328087,22191843,0.17734,561.00000000,0
1506328080,22191837,0.17735,149.03436312,1
1506328048,22191814,0.17700,99.59385000,0
1506328047,22191810,0.17700,4984.45796609,0
1506328045,22191798,0.17700,2441.71710754,0
1506328045,22191797,0.17700,17588.68203281,0
1506328044,22191794,0.17699,400.33771728,0
1506328044,22191791,0.17699,149.22853410,0
1506328043,22191787,0.17698,1947.44258554,0
1506328041,22191783,0.17699,1397.87640000,0
1506328041,22191777,0.17699,1917.66805862,0
1506328039,22191775,0.17700,61.02172888,0
1506328036,22191771,0.17710,40.00000000,1
1506328036,22191770,0.17720,22249.00000000,1
1506328036,22191769,0.17730,1392.46130000,1
1506328036,22191767,0.17730,110.87031000,1
1506328036,22191766,0.17737,5590.40000000,1
1506328036,22191765,0.17738,17047.77859000,1
1506328035,22191764,0.17759,149.42398411,1
1506328007,22191729,0.17770,3861.10799411,0
1506328005,22191726,0.17770,149.61951534,0
1506328003,22191719,0.17770,107.57172667,0
1506328003,22191717,0.17769,4592.21074000,0
1506328001,22191706,0.17770,4699.78246667,0
1506327997,22191696,0.17770,149.81482932,0
1506327997,22191693,0.17770,4797.62420421,0
1506327991,22191687,0.17780,503.00000000,1
1506327991,22191686,0.17795,150.01052082,1
1506327949,22191649,0.17799,150.20629097,0
1506327941,22191646,0.17800,150.40184251,0
1506327936,22191642,0.17821,2645.74468839,1
1506327936,22191641,0.17831,150.59791583,1
1506327935,22191640,0.17832,270.00000000,1
1506327798,22191593,0.17844,703.05967967,1
1506327798,22191592,0.17845,270.00000000,1
1506327784,22191588,0.17844,130.00000000,0
1506327783,22191587,0.17833,40.56381233,0
1506327779,22191583,0.17843,89.43618767,1
1506327738,22191572,0.17843,61.35802500,1
1506327516,22191447,0.17975,8.38857585,1
1506327515,22191444,0.17937,238.57915933,1
1506327514,22191438,0.17937,270.00000000,0
1506327500,22191422,0.17851,30.77405325,1
1506327500,22191421,0.17852,269.03629773,1
1506327500,22191420,0.17853,150.99058399,1
1506327500,22191419,0.17853,150.00336003,1
1506327499,22191418,0.17857,270.00000000,1
1506327491,22191408,0.17854,270.00000000,1
1506327491,22191407,0.17854,270.00000000,1
1506327491,22191406,0.17855,150.99058399,1
1506327491,22191404,0.17856,270.00000000,1
1506327474,22191389,0.17983,618.87510426,1
1506327472,22191384,0.17938,2160.00000000,0
1506327304,22191238,0.17946,256.22629193,0
1506327283,22191232,0.17875,514.05000000,0
1506327269,22191208,0.17949,1676.53340018,0
1506327269,22191207,0.17948,2500.00000000,0
1506327267,22191199,0.17920,270.00000000,0
1506327004,22191102,0.17931,66.75886700,0
1506326907,22191025,0.17951,43994.27693060,1
1506326907,22191024,0.17951,5000.00000000,1
1506326907,22191023,0.17951,2500.00000000,1
1506326906,22191022,0.17951,3852.42615000,1
1506326906,22191021,0.17922,92.06101211,0
1506326905,22191020,0.17905,130.00000000,0
1506326662,22190931,0.17828,2670.17099604,1
1506326660,22190930,0.17867,89.82900396,1
1506326657,22190927,0.17867,61.35802500,1
1506326118,22190640,0.17911,6278.14711091,1
1506326116,22190634,0.17911,61.16923100,0
1506326098,22190606,0.18019,833.54697818,1
1506326098,22190603,0.18007,151.18702896,0
1506326097,22190602,0.18000,109.92362000,0
1506326097,22190601,0.17995,150.99058399,0
1506326097,22190599,0.17983,150.79421267,0
1506326096,22190598,0.17971,150.59791583,0
1506326096,22190595,0.17959,150.40184251,0
1506326096,22190593,0.17947,150.20584575,0
1506326095,22190590,0.17943,445.31883627,0
1506326095,22190589,0.17942,481.10003222,0
1506326095,22190587,0.17942,365.72689778,0
1506326094,22190586,0.17935,150.01170969,0
1506326094,22190584,0.17923,149.81601979,0
1506326094,22190583,0.17900,11076.22666666,0
1506326093,22190580,0.17894,10000.00000000,0
1506326093,22190577,0.17892,270.00000000,0
1506326091,22190572,0.17891,4234.13467000,0
1506325404,22190209,0.17853,4742.77085900,0
1506325403,22190207,0.17841,52.06944000,0
1506325204,22190110,0.17854,66.93056000,0
1506325155,22190079,0.17781,1625.63139945,1
1506325154,22190078,0.17818,120.52419359,1
1506325154,22190077,0.17819,300.30399629,1
1506325154,22190076,0.17819,300.30399629,1
1506325154,22190075,0.17819,300.30399629,1
1506325152,22190073,0.17821,300.30399629,1
1506325012,22190019,0.17887,925.76521496,0
1506324874,22189968,0.17857,452.73827000,0
1506324799,22189866,0.17853,4742.79692058,1
1506324743,22189801,0.17892,412.47987927,0
1506324742,22189797,0.17876,28.02612000,0
1506324576,22189624,0.17827,3432.11934881,0
1506324576,22189623,0.17827,1257.93687500,0
1506324281,22189346,0.17827,6201.14272000,0
1506324136,22189045,0.17771,61.16923100,1
1506324003,22188969,0.17799,119.00000000,0
1506323978,22188951,0.17826,928.98911702,0
1506323833,22188867,0.17798,4476.62809900,0
1506323704,22188787,0.17798,2874.59793235,0
1506323652,22188752,0.17731,1089.23780000,1
1506323652,22188751,0.17731,1540.76220000,1
1506323652,22188750,0.17732,270.00000000,0
1506323647,22188741,0.17783,149.81601979,1
1506323647,22188737,0.17784,57.54569581,1
1506323493,22188610,0.17823,3201.65224709,1
1506323404,22188585,0.17836,67.13324400,0
1506323282,22188539,0.17842,285.97250300,1
1506323058,22188470,0.17842,61.16923100,1
1506322983,22188405,0.17842,119.00000000,0
1506322900,22188376,0.17787,0.59539861,0
1506322801,22188290,0.17784,364.11057000,1
1506322687,22188267,0.17787,1190.72369139,0
1506322683,22188260,0.17787,270.00000000,1
1506322666,22188244,0.17877,284.96413395,0
1506322666,22188243,0.17872,270.00000000,0
1506322067,22187913,0.17889,2964.95052825,0
1506321996,22187901,0.17769,3000.00000000,0
1506321995,22187900,0.17768,579.98829031,0
1506321995,22187899,0.17795,150.01170969,1
1506321993,22187897,0.17796,270.00000000,1
1506321952,22187876,0.17897,40.68721015,0
1506321767,22187809,0.17867,715.33513262,1
1506321767,22187808,0.17868,270.00000000,1
1506321723,22187790,0.17867,123.71672138,0
1506321720,22187789,0.17867,4390.54597862,0
1506321604,22187756,0.17819,66.88942300,0
1506321503,22187720,0.17847,2870.03503871,0
1506321501,22187719,0.17825,100.74082300,0
1506321476,22187679,0.17725,2087.79056167,0
1506321475,22187677,0.17725,150.20584575,0
1506321475,22187675,0.17730,109.92362000,1
1506321475,22187673,0.17799,652.07997258,1
1506321469,22187659,0.17800,1886.61994000,1
1506321469,22187658,0.17819,150.40184251,1
1506321155,22187497,0.17833,375.00000000,0
1506321149,22187492,0.17833,270.00000000,0
1506321146,22187491,0.17833,270.00000000,1
1506321020,22187353,0.17808,897.07322717,1
1506321019,22187352,0.17831,150.59791583,1
1506321019,22187351,0.17832,270.00000000,1
1506320967,22187285,0.17825,100.00000000,1
1506320966,22187284,0.17843,150.79421267,1
1506320966,22187283,0.17850,278.29339000,1
1506320966,22187282,0.17857,270.00000000,1
1506320931,22187248,0.17854,12139.99048000,1
1506320931,22187247,0.17855,2107.17598000,1
1506320930,22187244,0.17859,270.00000000,1
1506320755,22187066,0.17860,900.00000000,1
1506320751,22187051,0.17964,3037.04725593,0
1506320622,22186901,0.17854,2823.04795000,1
1506320621,22186898,0.17855,3087.31496000,1
1506320613,22186895,0.17855,3071.04409390,1
1506320599,22186887,0.17994,6115.68792000,0
1506320599,22186886,0.17994,727.38535000,0
1506320599,22186885,0.17975,3636.92673000,0
1506320587,22186875,0.17914,430.78460769,0
1506320538,22186843,0.17846,61.16923100,1
1506320400,22186774,0.17857,94.13299000,1
1506320400,22186773,0.17858,270.00000000,1
1506320247,22186699,0.17872,53.67803534,1
1506319999,22186587,0.17845,3064.94352700,1
1506319999,22186586,0.17847,2732.00325000,1
1506319999,22186585,0.17850,270.00000000,1
1506319804,22186334,0.17903,66.86700600,0
1506319459,22186254,0.17849,61.16923100,1
1506319200,22186215,0.17846,655.30807000,1
1506319032,22186137,0.17850,8582.61008400,0
1506319016,22186130,0.17849,1055.00000000,0
1506319007,22186127,0.17850,3085.84555000,0
1506319006,22186126,0.17855,20980.62167460,1
1506319006,22186125,0.17855,150.99058399,1
1506319006,22186124,0.17857,3371.36145000,1
1506318965,22186113,0.17890,287.00000000,1
1506318924,22186099,0.17899,3132.00000000,0
1506318907,22186093,0.17899,4839.40556000,0
1506318838,22186067,0.17900,13542.27500000,1
1506318647,22186001,0.17900,8632.72500000,1
1506318544,22185938,0.17962,3071.04409309,0
1506318152,22185833,0.17855,455.49016704,1
1506318150,22185832,0.17867,2500.00000000,1
1506318150,22185831,0.17867,151.18702896,1
1506318004,22185802,0.17878,66.69192200,0
1506317552,22185663,0.17868,4021.45224000,1
1506317552,22185661,0.17908,181.25356955,1
1506317551,22185660,0.17908,427.87301524,1
1506317551,22185659,0.17908,1831.17019318,1
1506317551,22185658,0.17909,8272.71198300,1
1506317551,22185657,0.17910,615.35880858,1
1506317518,22185642,0.17910,1837.33248954,0
1506317516,22185638,0.17910,609.07799600,0
1506317516,22185635,0.17910,1353.58951446,0
1506317511,22185622,0.17908,609.43115010,0
1506317510,22185618,0.17908,1832.39052990,0
1506317322,22185534,0.17818,986.72106442,1
1506317322,22185533,0.17879,39.21704382,1
1506317320,22185532,0.17879,112.16665014,1
1506317208,22185462,0.18000,8918.10908685,1
1506317207,22185460,0.18000,873.72433334,1
1506317207,22185459,0.18000,808.12417997,1
1506317205,22185454,0.18031,656.56164383,1
1506317205,22185452,0.18030,6557.00000000,0
1506317204,22185451,0.18019,151.38369396,0
1506317204,22185450,0.18007,151.18702896,0
1506317204,22185449,0.18007,10599.95760016,1
1506317204,22185448,0.17995,150.99058399,0
1506317204,22185447,0.17995,890.38597000,1
1506317204,22185446,0.17995,4451.92983000,1
1506317203,22185445,0.17905,3000.00000000,0
1506317203,22185444,0.17904,4451.92983000,0
1506317071,22185352,0.17977,3071.31334482,0
1506316996,22185328,0.17818,1599.00941601,1
1506316996,22185327,0.17850,250.00000000,1
1506316994,22185326,0.17855,150.99058399,1
1506316976,22185306,0.17867,89.82900396,1
1506316937,22185287,0.17867,61.35802500,1
1506316911,22185276,0.17881,2013.91494600,1
1506316900,22185272,0.17880,75.26623817,0
1506316900,22185270,0.17856,570.61630604,0
1506316898,22185268,0.17879,151.38369396,1
1506316897,22185267,0.17880,21472.90907356,1
1506316897,22185266,0.17881,3154.59998000,1
1506316800,22185205,0.17880,265.09092644,1
1506316800,22185204,0.17891,151.58028356,1
1506316655,22185117,0.17900,95.00000000,0
1506316565,22185074,0.17900,15138.60053458,0
1506316565,22185073,0.17899,4488.25989000,0
1506316531,22185063,0.17899,151.77709115,0
1506316523,22185059,0.17915,151.97411533,1
1506316500,22185048,0.17952,8200.00000000,0
1506316448,22185022,0.17900,0.00000045,0
1506316448,22185021,0.17900,14690.45876755,1
1506316447,22185018,0.17900,31444.42679171,1
1506316447,22185017,0.17927,152.17120829,1
1506316308,22184983,0.17900,3100.00000000,1
1506316305,22184982,0.17900,1558.92217300,1
1506316304,22184979,0.17900,405.19808479,1
1506316304,22184978,0.17939,91.38677421,1
1506316204,22184939,0.17948,66.69935400,0
1506316113,22184926,0.17949,151.50000000,0
1506315857,22184797,0.17939,60.98159500,1
1506315618,22184740,0.17949,152.56559729,0
1506315611,22184738,0.17963,152.76318342,1
1506315601,22184729,0.17902,810.74625131,1
1506315600,22184728,0.17975,152.96068869,1
1506315521,22184694,0.17998,3127.07436581,0
1506315427,22184681,0.17900,2075.56379000,1
1506315427,22184680,0.17901,1084.43621000,0
1506315427,22184679,0.17901,15802.86909000,0
1506315427,22184678,0.17901,699.49627000,1
1506315427,22184677,0.17901,3497.63464000,1
1506315424,22184676,0.17905,2252.52409618,1
1506315424,22184675,0.17906,1366.31750000,1
1506315424,22184674,0.17987,153.15840382,1
1506315423,22184673,0.17990,250.00000000,1
1506315333,22184638,0.17991,1962.65005836,1
1506315131,22184568,0.17998,1466.61100000,1
1506315131,22184566,0.17995,8533.38900000,0
1506314885,22184401,0.18000,10599.95760016,1
1506314831,22184390,0.18001,3395.93369235,1
1506314807,22184358,0.18029,3158.96611015,0
1506314753,22184320,0.18000,1305.77200865,0
1506314673,22184286,0.18000,4701.70570100,1
1506314649,22184249,0.18001,4765.94020000,1
1506314635,22184235,0.18000,876.47742300,1
1506314635,22184234,0.17999,1847.52660000,0
1506314633,22184231,0.17997,1467.04920000,0
1506314633,22184230,0.17997,1451.36440000,0
1506314627,22184224,0.17998,6695.76462000,0
1506314612,22184208,0.18000,3180.00000000,1
1506314610,22184205,0.18000,845.46533600,1
1506314609,22184204,0.18000,1616.95228700,1
1506314609,22184203,0.18002,3061.31576000,1
1506314597,22184184,0.18009,3381.55264000,1
1506314420,22184072,0.18058,3173.77339683,0
1506314404,22184057,0.18033,66.29305600,0
1506314111,22183855,0.18000,6870.35565300,1
1506314101,22183851,0.17999,153.35618217,1
1506314091,22183841,0.18000,3200.00000000,1
1506314087,22183838,0.18000,1798.43431800,1
1506314086,22183836,0.18000,1871.92133500,1
1506314083,22183833,0.18008,5499.06342000,1
1506314083,22183832,0.18011,153.55416802,1
1506314070,22183806,0.18061,327.49332700,0
1506314029,22183774,0.18023,153.75221516,1
1506313987,22183709,0.18035,124.25436750,1
1506313984,22183701,0.18035,29.69610000,1
1506313956,22183648,0.18061,2790.93617978,1
1506313954,22183643,0.18061,1176.45567606,1
1506313954,22183642,0.18061,1338.31606416,1
1506313951,22183639,0.18170,8932.28917727,1
1506313951,22183637,0.18170,4692.07290800,1
1506313951,22183635,0.18170,2172.33100000,1
1506313951,22183633,0.18170,2500.00000000,1
1506313951,22183632,0.18170,9095.08460000,1
1506313951,22183631,0.18170,9095.08460000,1
1506313950,22183630,0.18169,3765.88161000,1
1506313949,22183629,0.18167,257.95537737,0
1506313949,22183628,0.18167,111.29331663,1
1506313949,22183627,0.18167,1669.39974951,1
1506313949,22183626,0.18160,600.00000000,0
1506313948,22183625,0.18157,125.74720438,0
1506313948,22183624,0.18157,139.68181668,0
1506313948,22183623,0.18157,4649.23655973,1
1506313948,22183621,0.18156,154.75575755,0
1506313947,22183615,0.18150,15000.00000000,0
1506313947,22183614,0.18150,250.00000000,0
1506313947,22183613,0.18149,753.17632000,1
1506313946,22183611,0.18147,257.40604098,0
1506313946,22183610,0.18147,1786.77310000,1
1506313946,22183608,0.18140,600.00000000,0
1506313945,22183606,0.18127,256.85580536,0
1506313945,22183600,0.18123,3000.00000000,0
1506313945,22183597,0.18120,40.00000000,0
1506313944,22183596,0.18120,600.00000000,0
1506313944,22183595,0.18111,500.00000000,0
1506313944,22183593,0.18110,40.00000000,0
1506313944,22183592,0.18110,40.00000000,0
1506313943,22183591,0.18110,6275.43248186,1
1506313943,22183590,0.18107,256.30491264,0
1506313943,22183589,0.18100,16655.79164852,0
1506313943,22183588,0.18100,18481.35316818,0
1506313942,22183587,0.18100,100.00000000,0
1506313942,22183586,0.18100,10000.00000000,0
1506313942,22183585,0.18100,600.00000000,0
1506313942,22183583,0.18087,255.75360713,0
1506313942,22183582,0.18080,600.00000000,0
1506313941,22183581,0.18067,255.20164505,0
1506313941,22183580,0.18060,600.00000000,0
1506313941,22183578,0.18059,929.84731000,0
1506313940,22183576,0.18050,250.00000000,0
1506313940,22183575,0.18047,254.64927181,0
1506313940,22183574,0.18046,4649.23656000,0
1506313939,22183572,0.18040,600.00000000,0
1506313939,22183571,0.18027,254.09698129,0
1506313939,22183569,0.18020,40.00000000,0
1506313939,22183567,0.18020,600.00000000,0
1506313938,22183564,0.18015,125.55158342,0
1506313938,22183561,0.18010,40.00000000,0
1506313938,22183560,0.18010,16869.11659267,1
1506313936,22183555,0.18007,160.54527181,0
1506313907,22183477,0.18000,9423.50192410,1
1506313906,22183473,0.18000,1113.93115840,0
1506313906,22183472,0.17996,462.56691750,0
1506313900,22183445,0.17996,1919.77106817,0
1506313894,22183435,0.17996,2323.80507216,0
1506313889,22183424,0.17996,2764.09394303,0
1506313883,22183411,0.17996,2833.11357666,0
1506313878,22183394,0.17996,3167.77379156,0
1506313872,22183386,0.17996,3163.32795366,0
1506313862,22183352,0.17996,4565.54767726,0
1506313780,22183196,0.17995,9244.96771325,0
1506313676,22183079,0.17989,726.40674857,0
1506313563,22182921,0.17903,200.00000000,1
1506313338,22182652,0.17901,60.98159500,1
1506313305,22182606,0.17901,1030.00000000,0
1506313305,22182605,0.17901,8800.21734881,0
1506313299,22182595,0.17901,22151.30468000,0
1506313289,22182583,0.17901,1980.00000000,0
1506313244,22182517,0.17901,16735.32769119,0
1506313228,22182487,0.17901,3386.15028000,1
1506313201,22182426,0.17901,918.73329000,1
1506312869,22182173,0.17986,0.23909345,1
1506312862,22182168,0.17986,686.00000000,1
1506312844,22182152,0.17960,4913.76571028,0
1506312716,22182081,0.17960,2361.90528452,0
1506312604,22181999,0.17960,66.65478800,0
1506312461,22181963,0.17960,1657.76987750,0
1506312459,22181962,0.17958,836.08875229,0
1506312420,22181958,0.17930,111.26670385,0
1506312259,22181846,0.17900,61.16923100,1
1506312121,22181656,0.17900,33649.94640900,1
1506312121,22181655,0.17901,2301.36704000,1
1506311874,22181532,0.17900,4648.91070632,1
1506311871,22181517,0.17900,286.52892000,1
1506311870,22181514,0.17900,425.08060383,1
1506311866,22181513,0.17900,235.18354500,1
1506311864,22181508,0.17900,430.17562524,1
1506311860,22181504,0.17900,1260.78306878,1
1506311856,22181499,0.17900,2521.56613756,1
1506311706,22181414,0.17900,3184.00000000,1
