date,tid,price,amount,type
1506297402,22174596,3100.76,0.03176683,0
1506297355,22174590,3090.00,0.33120181,1
1506297355,22174589,3090.00,0.04668389,1
1506297355,22174588,3090.00,0.12060121,1
1506297355,22174587,3090.01,0.01001614,1
1506297346,22174586,3100.99,0.00935333,0
1506297337,22174583,3090.16,0.76521084,1
1506297336,22174582,3090.19,0.47588949,1
1506297336,22174581,3092.96,0.00914305,1
1506297336,22174580,3092.97,0.01001302,1
1506297306,22174577,3097.33,0.01512393,0
1506297304,22174576,3097.30,0.12186447,0
1506297043,22174535,3097.17,0.23133813,1
1506297042,22174533,3099.41,0.03033812,0
1506297020,22174515,3092.96,0.00256099,1
1506297019,22174514,3092.96,0.00256099,1
1506297014,22174504,3097.28,0.06234658,0
1506297013,22174500,3097.31,0.01088686,1
1506296947,22174468,3099.67,0.01157850,0
1506296905,22174459,3099.96,0.01159200,1
1506296865,22174455,3099.97,0.00937305,0
1506296793,22174439,3100.00,0.09231195,0
1506296324,22174348,3104.99,0.08663613,0
1506296185,22174340,3094.25,0.01000000,1
1506295994,22174308,3104.02,0.26437771,1
1506295665,22174249,3109.01,0.03261626,0
1506295644,22174247,3109.06,0.03938876,0
1506295389,22174182,3104.02,0.05349343,1
1506295389,22174181,3104.05,0.83639049,1
1506295364,22174170,3109.61,0.07725000,0
1506295353,22174168,3109.72,0.00189727,0
1506295324,22174161,3109.84,0.02176322,0
1506295234,22174155,3103.99,0.24312739,0
1506295234,22174154,3103.99,0.01460777,1
1506295144,22174142,3109.69,0.09104163,0
1506295112,22174137,3109.73,0.09530000,0
1506295064,22174134,3109.81,0.26318080,0
1506295043,22174133,3109.83,0.01507350,0
1506294933,22174104,3103.78,0.06851495,0
1506294932,22174103,3103.78,0.13202400,0
1506294845,22174094,3109.99,0.04242292,0
1506294830,22174091,3103.42,0.00260849,1
1506294830,22174090,3103.42,0.00260849,1
1506294794,22174076,3109.98,0.14213006,0
1506294354,22174011,3110.00,0.02657438,0
1506294354,22174010,3109.99,0.13064800,0
1506294226,22173979,3107.00,0.00065200,0
1506294190,22173974,3107.00,0.15858300,0
1506294189,22173972,3107.00,0.32593700,0
1506294188,22173971,3107.00,0.32593700,0
1506294187,22173970,3107.00,0.18889100,0
1506294106,22173938,3109.94,0.03157042,0
1506294053,22173927,3109.89,0.02434516,0
1506294053,22173926,3109.89,0.00321550,0
1506294038,22173922,3109.91,0.00321550,0
1506294018,22173914,3109.96,0.04266170,0
1506293809,22173803,3110.00,0.03097093,0
1506293808,22173802,3110.00,0.03082207,0
1506293806,22173801,3110.00,0.04643991,0
1506293804,22173792,3101.55,0.01949534,1
1506293747,22173780,3114.36,0.07894099,0
1506293717,22173763,3109.18,0.00009512,1
1506293714,22173760,3105.71,0.13631988,0
1506293630,22173732,3108.00,0.02815000,1
1506293588,22173716,3114.65,0.04738275,0
1506293499,22173696,3114.89,0.08822117,0
1506293499,22173695,3114.89,0.01597627,0
1506293186,22173651,3115.74,0.01758472,0
1506293157,22173646,3116.03,0.00224003,0
1506293137,22173639,3116.07,0.03101370,0
1506293109,22173629,3116.19,1.30616233,0
1506293108,22173627,3116.19,0.01546349,0
1506293107,22173626,3116.19,0.07795078,0
1506293106,22173625,3116.19,0.03467761,0
1506293011,22173608,3116.57,0.01600157,0
1506292964,22173581,3117.00,0.22156591,1
1506292959,22173579,3117.00,0.13110852,1
1506292954,22173578,3117.00,0.25532157,1
1506292949,22173573,3117.00,0.32421100,1
1506292948,22173572,3117.00,0.90000000,1
1506292947,22173571,3117.00,0.32421100,1
1506292947,22173569,3117.00,0.06788000,1
1506292947,22173568,3117.00,0.32421100,1
1506292946,22173566,3117.00,0.32421100,1
1506292945,22173565,3117.00,0.32421100,1
1506292822,22173513,3118.00,0.22268570,0
1506292822,22173512,3117.99,0.81737060,0
1506292822,22173511,3117.94,0.36912665,0
1506292782,22173490,3119.99,3.04548892,0
1506292782,22173489,3119.00,0.03300000,0
1506292782,22173488,3118.54,0.19000000,0
1506292782,22173487,3112.43,0.01500000,0
1506292782,22173486,3111.00,0.02064883,0
1506292782,22173485,3111.00,0.07907861,0
1506292782,22173484,3110.00,0.04668389,0
1506292779,22173481,3106.99,0.49467054,0
1506292749,22173467,3110.00,0.12060121,0
1506292749,22173466,3109.00,0.03300000,0
1506292748,22173465,3107.00,0.31589822,0
1506292726,22173447,3107.00,0.32176054,0
1506292689,22173413,3106.70,0.34717230,0
1506292648,22173380,3106.70,0.30282770,0
1506292648,22173379,3103.99,0.26000000,0
1506292648,22173378,3102.86,0.01433407,0
1506292614,22173357,3103.90,0.37591187,0
1506292614,22173356,3103.07,0.57500000,0
1506292614,22173355,3099.74,0.02866814,0
1506292614,22173354,3099.44,0.02041999,0
1506292605,22173352,3088.55,0.50000000,1
1506292553,22173332,3098.44,0.19991935,0
1506292538,22173330,3098.53,0.24705400,0
1506292537,22173329,3098.56,0.24705400,0
1506292481,22173318,3087.21,0.13181267,1
1506292481,22173317,3087.24,0.36818733,1
1506292478,22173316,3096.99,0.11644139,0
1506292478,22173315,3096.98,0.05733627,0
1506292445,22173312,3096.67,0.11075000,0
1506292390,22173303,3096.96,0.07315000,0
1506292362,22173298,3087.24,0.13181267,1
1506292330,22173290,3087.36,0.50000000,1
1506292268,22173254,3096.98,0.01610278,0
1506292171,22173193,3097.18,0.16543690,0
1506292170,22173192,3097.18,0.03285194,0
1506292170,22173191,3096.99,0.16533012,0
1506292072,22173120,3087.27,0.50000000,1
1506291924,22173090,3098.00,0.50000000,1
1506291907,22173058,3098.46,0.69183747,0
1506291840,22173050,3095.99,3.95239256,0
1506291840,22173049,3095.91,1.04760744,0
1506291750,22173042,3097.76,0.02988495,0
1506291750,22173041,3091.00,0.00213820,0
1506291736,22173037,3091.00,0.04416470,0
1506291704,22173033,3091.00,0.16401231,0
1506291704,22173032,3091.00,0.60598769,0
1506291695,22173028,3091.00,0.00533808,0
1506291683,22173027,3091.00,0.02189439,0
1506291583,22172983,3087.26,0.19362943,1
1506291564,22172979,3091.00,0.02800866,0
1506291560,22172978,3091.00,0.03178943,0
1506291538,22172973,3091.00,0.03867820,0
1506291333,22172942,3091.00,0.00976529,0
1506291304,22172935,3091.00,0.01210897,0
1506291266,22172933,3091.00,0.01559226,0
1506291143,22172914,3091.00,0.02739788,0
1506291100,22172910,3091.00,0.03479520,0
1506291086,22172909,3091.00,0.00894946,0
1506290995,22172904,3091.00,0.06937261,0
1506290993,22172903,3090.97,0.03607739,0
1506290930,22172896,3090.97,0.30657689,1
1506290905,22172893,3091.00,0.02434074,0
1506290903,22172892,3091.00,0.00925866,0
1506290762,22172860,3091.00,0.00322549,0
1506290704,22172845,3091.00,0.06091117,0
1506290684,22172843,3087.20,1.00741418,1
1506290656,22172840,3091.00,0.08893599,0
1506290653,22172833,3091.00,0.19513407,0
1506290653,22172832,3091.00,0.01047614,0
1506290603,22172813,3087.20,0.01047614,1
1506290603,22172812,3087.22,0.10836361,1
1506290603,22172811,3087.36,0.65622259,1
1506290571,22172804,3094.55,0.06361250,0
1506290360,22172764,3094.55,0.00935758,0
1506290263,22172725,3094.52,0.06708571,0
1506290212,22172724,3094.00,0.02916696,0
1506290101,22172707,3094.55,0.02040000,0
1506290015,22172703,3094.29,0.21140000,0
1506289984,22172700,3094.47,0.14828064,0
1506289963,22172698,3094.20,0.11192908,0
1506289905,22172670,3094.55,0.06695419,0
1506289844,22172668,3095.29,0.03040377,0
1506289745,22172654,3096.13,0.03040465,0
1506289704,22172642,3096.09,0.00935000,0
1506289590,22172626,3095.93,0.02238874,1
1506289563,22172623,3087.12,0.01031551,1
1506289401,22172593,3090.01,0.94000000,1
1506289362,22172570,3099.31,0.02577722,0
1506289361,22172569,3099.32,0.02577951,0
1506289346,22172559,3099.98,2.21490138,1
1506289341,22172558,3099.68,0.00737310,1
1506289325,22172554,3099.77,0.02960514,0
1506289304,22172550,3090.01,0.00049408,1
1506289303,22172549,3090.01,0.37000000,1
1506289303,22172548,3090.50,0.00866942,1
1506289303,22172547,3090.60,0.35350213,1
1506289023,22172492,3099.99,0.00170000,0
1506289003,22172489,3090.56,0.04188838,1
1506288924,22172469,3099.99,0.03034144,0
1506288909,22172468,3099.96,0.12000000,0
1506288797,22172452,3102.41,0.01629549,0
1506288703,22172441,3105.20,0.02392243,0
1506288567,22172419,3090.91,0.69350869,0
1506288561,22172418,3106.33,0.03152144,0
1506288485,22172408,3106.45,0.02954147,1
1506288404,22172398,3095.10,0.03215390,1
1506288346,22172389,3107.73,0.08024185,0
1506288337,22172355,3107.74,0.00600000,0
1506288147,22172322,3108.30,0.07829999,0
1506288126,22172319,3108.48,0.06038681,0
1506288124,22172318,3108.47,0.04572191,0
1506288124,22172317,3104.06,0.04945491,0
1506288106,22172315,3104.04,0.03014891,0
1506288011,22172280,3103.94,0.06341858,0
1506287983,22172274,3104.04,0.02411368,0
1506287966,22172268,3104.03,0.19203308,0
1506287966,22172267,3104.02,0.10393297,0
1506287905,22172254,3099.99,0.03867562,0
1506287894,22172250,3099.99,0.00340953,0
1506287853,22172247,3103.96,0.03807895,0
1506287805,22172240,3093.91,0.01000000,0
1506287803,22172239,3093.91,0.02500000,0
1506287684,22172227,3102.98,0.05942963,0
1506287656,22172223,3094.53,0.01631703,0
1506287654,22172222,3104.05,0.05423492,1
1506287604,22172215,3104.00,0.02955550,0
1506287595,22172208,3104.02,0.13396952,0
1506287564,22172198,3103.44,0.06087421,0
1506287496,22172188,3103.95,0.03079049,0
1506287475,22172186,3093.60,0.03923380,1
1506287474,22172185,3104.06,0.01290581,0
1506287473,22172184,3104.03,0.10464461,0
1506287471,22172183,3098.89,0.05379592,0
1506287469,22172182,3093.43,0.10000000,1
1506287464,22172180,3093.69,0.01855437,1
1506287459,22172176,3098.89,0.15816105,0
1506287398,22172165,3098.89,0.04580301,0
1506287363,22172160,3098.89,0.01089933,0
1506287266,22172137,3098.67,0.00180000,1
1506287177,22172118,3098.88,0.06365768,0
1506287161,22172115,3098.88,0.03133979,0
1506287159,22172114,3098.45,0.01319692,1
1506287144,22172112,3098.59,0.01512735,0
1506287123,22172106,3098.66,0.01005000,0
1506287074,22172101,3090.50,0.17500000,1
1506287061,22172096,3098.86,0.01562492,0
1506287046,22172088,3098.88,3.14842913,0
1506287043,22172087,3098.88,0.15842930,0
1506286991,22172057,3098.89,0.09838903,0
1506286970,22172055,3098.99,0.60000000,0
1506286941,22172051,3098.99,1.00000000,0
1506286926,22172044,3098.99,0.03037591,0
1506286924,22172043,3098.99,0.25311648,0
1506286885,22172038,3102.67,0.01405709,0
1506286843,22172030,3102.88,0.04691646,0
1506286835,22172029,3099.98,0.85595393,0
1506286824,22172026,3102.99,0.02125000,0
1506286811,22172023,3103.08,0.00451162,0
1506286731,22172009,3099.05,0.10875557,0
1506286729,22172008,3099.04,0.00782281,0
1506286582,22171993,3101.08,0.03040455,0
1506286572,22171991,3101.31,0.09644937,0
1506286565,22171990,3101.38,0.02958996,0
1506286501,22171970,3092.44,0.13400000,1
1506286495,22171968,3102.59,0.66860995,0
1506286453,22171964,3102.99,0.10134094,0
1506286451,22171963,3100.00,0.18904552,0
1506286450,22171962,3100.00,0.04095448,0
1506286450,22171961,3100.00,0.12997236,0
1506286450,22171960,3099.97,0.19961363,0
1506286449,22171959,3096.11,0.12188942,0
1506286425,22171957,3096.11,0.00954738,0
1506286424,22171956,3096.11,0.09747360,0
1506286403,22171955,3096.14,0.02209122,0
1506286365,22171948,3096.49,0.01055881,0
1506286331,22171947,3096.59,0.28519250,0
1506286284,22171900,3096.83,0.01513467,0
1506286224,22171894,3097.21,0.03242898,0
1506286214,22171892,3097.22,0.20000000,1
1506286205,22171890,3097.22,0.11930733,0
1506286204,22171889,3097.31,0.01365605,0
1506286184,22171887,3097.41,0.04694673,0
1506286180,22171886,3097.32,0.25030000,0
1506286163,22171885,3097.38,0.02064593,0
1506286113,22171881,3097.73,0.10644747,0
1506286111,22171877,3097.70,0.10980594,1
1506286110,22171876,3097.70,0.04865910,0
1506286099,22171871,3086.78,0.04609001,1
1506286098,22171869,3086.81,0.20000000,0
1506286097,22171868,3086.81,1.00000000,1
1506286074,22171860,3097.93,0.11955917,0
1506286074,22171859,3097.92,0.02222300,0
1506286003,22171854,3098.09,0.05660529,0
1506285986,22171850,3098.12,2.64498684,0
1506285986,22171849,3098.09,0.50281679,0
1506285923,22171842,3098.49,0.01208416,0
1506285917,22171840,3084.53,0.14611847,0
1506285886,22171831,3098.67,0.11823249,0
1506285792,22171827,3099.44,0.30386609,0
1506285784,22171826,3099.46,0.03039915,0
1506285744,22171824,3099.79,0.06091844,0
1506285741,22171823,3099.80,0.00903564,0
1506285734,22171820,3086.14,0.66800000,1
1506285726,22171818,3099.89,0.07401553,0
1506285725,22171816,3099.89,0.29926127,0
1506285683,22171809,3096.39,0.24409096,0
1506285683,22171808,3096.38,0.07307544,0
1506285665,22171802,3096.39,0.10883226,0
1506285591,22171782,3096.53,0.03938390,0
1506285564,22171777,3096.56,0.06342141,0
1506285546,22171768,3096.59,0.01825000,0
1506285525,22171764,3096.62,0.02035000,0
1506285514,22171761,3083.30,0.00095478,0
1506285514,22171760,3086.91,0.02904522,1
1506285509,22171758,3086.89,0.00259131,0
1506285505,22171757,3096.66,0.01607876,0
1506285503,22171756,3096.67,0.04896227,0
1506285464,22171752,3096.74,0.03192162,0
1506285436,22171748,3096.80,0.01855607,0
1506285434,22171747,3092.00,0.04496790,0
1506285422,22171741,3092.00,0.00902672,0
1506285371,22171732,3096.84,0.03188698,0
1506285371,22171731,3096.84,0.00341337,0
1506285304,22171706,3096.97,0.01762765,0
1506285301,22171704,3085.78,0.14660000,1
1506285298,22171703,3096.98,0.11322429,0
1506285284,22171699,3096.99,0.03037444,0
1506285267,22171693,3085.02,0.00361345,1
1506285253,22171692,3098.87,0.12750194,0
1506285251,22171691,3098.85,0.03090644,0
1506285204,22171681,3098.92,0.01974963,0
1506285065,22171659,3099.38,0.03525000,0
1506285057,22171657,3099.40,0.02464261,0
1506285026,22171653,3099.79,2.19532301,0
1506285026,22171652,3090.51,0.78662124,0
1506285026,22171651,3090.51,0.17202963,0
1506285024,22171650,3090.33,0.04870675,0
1506285024,22171649,3086.09,0.00001573,0
1506285000,22171616,3090.32,0.02251267,1
1506284999,22171615,3090.32,0.03518440,1
1506284994,22171613,3090.32,0.02262784,1
1506284990,22171611,3090.32,0.01967509,0
1506284943,22171597,3090.29,0.03045196,0
1506284891,22171587,3090.42,0.31769853,0
1506284889,22171586,3090.14,0.02530293,0
1506284884,22171584,3090.16,0.07609971,0
1506284804,22171573,3090.48,0.00936437,0
1506284789,22171556,3090.52,0.12982500,0
1506284781,22171554,3090.56,0.03181993,0
1506284765,22171552,3090.66,0.70683059,0
1506284765,22171551,3090.62,0.30541958,0
1506284736,22171546,3081.04,0.00259620,1
1506284731,22171545,3090.97,0.07808401,0
1506284730,22171544,3090.98,0.01609647,1
1506284729,22171543,3090.98,0.07776761,0
1506284617,22171504,3081.26,0.00641457,0
1506284613,22171497,3081.26,0.07500000,0
1506284601,22171495,3081.28,0.45000000,0
1506284597,22171492,3081.28,0.21909930,1
1506284595,22171488,3090.00,0.10657611,1
1506284595,22171487,3090.00,0.06067899,1
1506284595,22171486,3090.00,0.03000000,1
1506284592,22171482,3090.51,0.58588412,1
1506284592,22171481,3090.51,0.17203237,1
1506284591,22171477,3093.23,0.03139825,1
1506284591,22171475,3093.23,0.01631151,0
1506284589,22171471,3090.51,0.03488200,1
1506284589,22171469,3090.51,0.02522100,1
1506284589,22171467,3093.17,0.03016548,0
1506284585,22171462,3093.24,0.14833961,0
1506284563,22171447,3093.26,0.01325000,0
1506284547,22171431,3090.51,0.31740972,1
1506284544,22171427,3090.51,0.02329316,1
1506284542,22171424,3093.38,0.00267698,0
1506284542,22171422,3093.38,0.03262302,0
1506284541,22171420,3093.36,0.01359816,0
1506284539,22171414,3090.51,0.11054895,1
1506284533,22171407,3090.51,1.00114124,1
1506284533,22171405,3093.41,0.06350804,0
1506284532,22171402,3093.41,0.03124314,0
1506284532,22171401,3093.41,0.30864215,0
1506284530,22171397,3090.51,0.02363332,1
1506284526,22171389,3090.52,0.07338313,1
1506284525,22171388,3090.52,0.00404721,0
1506284524,22171385,3090.51,0.13331015,1
1506284518,22171380,3090.51,0.03650808,1
1506284514,22171376,3090.51,0.02291012,1
1506284513,22171374,3090.51,0.02403890,1
1506284502,22171367,3090.51,0.02403937,1
1506284499,22171364,3090.51,0.33072865,1
1506284496,22171362,3090.51,0.03650736,1
1506284492,22171354,3090.51,0.02452814,1
1506284488,22171351,3090.51,0.02452856,1
1506284484,22171348,3090.51,0.02442803,1
1506284481,22171345,3090.52,0.05000000,0
1506284479,22171341,3090.51,0.02442676,1
1506284472,22171334,3090.52,0.05400711,1
1506284472,22171332,3090.52,0.10029916,1
1506284467,22171330,3090.52,0.02470084,1
1506284462,22171322,3090.53,0.38762214,1
1506284460,22171314,3090.52,0.03921185,1
1506284456,22171309,3090.52,0.11613600,0
1506284454,22171299,3090.52,0.02648800,1
1506284443,22171277,3090.52,0.02672940,1
1506284425,22171252,3099.13,0.00353970,0
1506284376,22171236,3099.83,1.01374914,0
1506284373,22171235,3099.84,0.00170000,0
1506284357,22171232,3091.12,0.29712816,1
1506284356,22171231,3099.00,0.00000187,1
1506284344,22171197,3099.94,0.16602383,0
1506284311,22171178,3099.00,0.01106486,1
1506284307,22171177,3092.00,0.13893327,0
1506284290,22171170,3092.00,0.12907827,0
1506284277,22171165,3099.95,0.09174853,0
1506284249,22171144,3100.00,0.09568320,0
1506284248,22171142,3100.00,0.05019681,0
1506284183,22171117,3100.00,0.02414763,0
1506283956,22171079,3103.99,1.77141660,0
1506283954,22171077,3103.99,0.50025000,0
1506283946,22171076,3103.99,0.00881125,0
1506283926,22171070,3103.99,0.02956517,0
1506283905,22171054,3104.06,0.02284499,0
1506283905,22171053,3092.97,0.39893253,1
1506283905,22171052,3098.00,0.01000000,1
1506283905,22171051,3099.00,0.00006747,1
1506283853,22171029,3099.00,0.17450674,1
1506283820,22171001,3104.05,2.70576827,0
1506283785,22170989,3099.00,0.22207487,1
1506283753,22170950,3107.32,0.08523980,1
1506283752,22170949,3107.32,0.02463000,0
1506283752,22170948,3104.06,0.32200452,0
1506283744,22170946,3104.09,0.08352239,0
1506283724,22170943,3107.35,0.12490952,0
1506283694,22170936,3107.48,0.77118113,1
1506283694,22170935,3107.48,0.02080862,0
1506283690,22170931,3111.00,0.22335261,1
1506283689,22170930,3110.99,0.17000000,1
1506283689,22170929,3107.77,0.15535090,0
1506283689,22170928,3107.77,0.01363293,1
1506283688,22170926,3107.57,0.01820000,0
1506283687,22170919,3107.48,0.60344549,1
1506283686,22170918,3107.48,0.42072229,0
1506283643,22170879,3110.89,0.02098876,0
1506283637,22170871,3111.00,0.10000000,1
1506283604,22170866,3098.03,0.01272941,1
1506283545,22170849,3105.03,0.06510895,0
1506283524,22170841,3105.18,0.03477535,0
1506283523,22170838,3105.19,0.00340300,0
1506283519,22170834,3096.34,0.00079602,1
1506283519,22170833,3102.31,0.27127377,1
1506283466,22170799,3107.16,0.03164210,0
1506283465,22170797,3102.20,0.01000133,1
1506283453,22170793,3101.00,0.15000000,1
1506283448,22170789,3102.16,0.31319050,1
1506283442,22170783,3105.00,0.32014744,1
1506283441,22170782,3105.00,0.04564186,1
1506283441,22170781,3105.07,0.01820000,1
1506283432,22170779,3112.40,0.34700642,0
1506283432,22170777,3110.00,0.10657611,0
1506283430,22170769,3108.85,0.02726587,0
1506283426,22170768,3108.84,0.03177528,0
1506283418,22170767,3105.00,0.07313430,1
1506283416,22170765,3105.00,0.05922384,1
1506283401,22170757,3109.85,0.02691256,0
1506283382,22170749,3109.99,0.04742840,0
1506283366,22170746,3109.11,0.01051580,0
1506283364,22170745,3109.14,0.01993633,0
1506283314,22170735,3109.39,0.46276669,0
1506283298,22170732,3109.51,0.31517857,0
1506283185,22170696,3105.00,0.00200000,1
1506283181,22170692,3109.77,0.00935966,0
1506283163,22170681,3109.80,0.03390161,0
1506283158,22170680,3109.81,0.58298135,0
1506283157,22170679,3109.87,1.00789377,1
1506283155,22170675,3109.79,0.00801662,0
1506283104,22170646,3110.00,0.06067899,0
1506283025,22170626,3109.67,0.06415472,0
1506283003,22170623,3108.79,0.07581767,0
1506282996,22170621,3102.07,0.11412628,1
1506282967,22170589,3108.88,0.14759334,1
1506282889,22170568,3109.19,0.31090899,0
1506282889,22170567,3109.26,4.01058104,1
1506282888,22170566,3109.26,0.03211205,0
1506282888,22170565,3109.26,4.89371200,0
1506282888,22170564,3109.23,0.68909101,0
1506282798,22170544,3100.16,0.09794714,0
1506282795,22170543,3100.01,0.00260849,1
1506282788,22170537,3110.00,0.03207395,1
1506282783,22170527,3109.97,0.06525930,0
1506282783,22170525,3105.49,0.09304861,0
1506282732,22170512,3105.23,1.31612758,0
1506282731,22170511,3105.23,0.01603711,0
1506282705,22170504,3105.49,0.03073755,0
1506282704,22170503,3105.49,0.01293969,0
1506282665,22170480,3105.44,0.07388254,0
1506282621,22170467,3103.72,0.02162489,0
1506282425,22170414,3105.46,0.01623182,0
1506282421,22170413,3105.43,0.10169000,0
1506282420,22170410,3105.39,0.00000460,1
1506282420,22170409,3105.39,0.07697906,1
1506282408,22170407,3105.48,0.16060319,0
1506282395,22170405,3105.39,0.04766404,0
1506282387,22170403,3101.81,0.00308392,0
1506282387,22170402,3101.61,0.02807321,0
1506282343,22170394,3101.61,0.01512759,0
1506282335,22170388,3101.61,0.50000383,0
1506282252,22170341,3099.00,8.07436047,0
1506282242,22170331,3098.87,0.01512710,0
1506282196,22170295,3094.22,0.05703000,1
1506282148,22170271,3094.22,0.71996699,1
1506282148,22170270,3096.15,0.00000201,1
1506282097,22170252,3096.15,0.01573245,1
1506282088,22170247,3096.15,0.15926554,1
1506282025,22170188,3098.81,0.00170000,0
1506282025,22170187,3098.79,0.03037005,0
1506282017,22170183,3096.15,0.70000000,1
1506281994,22170179,3096.15,1.00000000,1
1506281987,22170178,3098.89,0.00170000,0
1506281986,22170177,3098.89,0.02157996,0
1506281965,22170172,3096.15,0.14300000,1
1506281918,22170158,3097.31,0.11099981,1
1506281861,22170137,3098.10,0.00902981,0
1506281839,22170131,3098.54,0.18050503,0
1506281819,22170129,3098.08,0.12878944,0
1506281796,22170128,3098.12,0.09369193,0
1506281785,22170127,3098.19,0.02160754,0
1506281778,22170126,3090.31,0.17330630,1
1506281770,22170124,3098.25,0.09516891,0
1506281691,22170116,3098.56,0.10154394,0
1506281681,22170115,3098.59,0.03045523,0
1506281664,22170110,3098.66,0.03040421,0
1506281642,22170100,3098.74,0.07242621,1
1506281623,22170075,3098.79,0.01002187,0
1506281617,22170073,3098.81,0.19419779,0
1506281612,22170072,3098.83,0.03191716,0
1506281575,22170066,3098.99,0.11716179,0
1506281574,22170065,3098.10,0.56585263,0
1506281574,22170064,3090.70,0.08723400,0
1506281574,22170063,3090.70,0.00929963,0
1506281541,22170059,3090.65,0.00990000,0
1506281515,22170050,3090.70,0.02080900,0
1506281515,22170049,3090.65,0.16919100,0
1506281441,22170022,3098.43,0.02418664,0
1506281406,22170010,3098.57,0.07404060,0
1506281364,22169994,3098.73,0.12621325,0
1506281331,22169987,3098.85,3.76485201,1
1506281287,22169973,3098.96,0.00200000,0
1506281287,22169972,3098.96,0.01500000,0
1506281270,22169967,3095.00,0.08366780,0
1506281267,22169965,3090.94,1.47453461,1
1506281267,22169964,3090.99,0.68789896,1
1506281241,22169955,3095.00,0.00170000,0
1506281234,22169953,3095.00,0.00230384,0
1506281233,22169952,3094.99,0.01730024,0
1506281229,22169951,3090.89,0.01944079,0
1506281204,22169942,3094.99,0.02017205,0
1506281190,22169912,3094.99,0.00200000,0
1506281181,22169905,3090.28,0.07943000,0
1506281181,22169904,3089.27,0.07370494,1
1506281181,22169903,3090.00,0.00550000,1
1506281176,22169900,3090.31,0.07914741,0
1506281174,22169894,3090.31,0.02686812,1
1506281173,22169892,3094.99,0.00898366,0
1506281172,22169891,3094.98,0.01126634,0
1506281135,22169865,3089.47,0.00258899,1
1506281124,22169862,3094.99,0.00897321,0
1506281124,22169861,3094.98,0.01261437,0
1506281106,22169855,3094.99,0.00443268,0
1506281104,22169853,3093.73,0.02522873,0
1506281085,22169832,3093.74,0.00170000,0
1506281083,22169829,3093.74,0.00963668,0
1506281079,22169827,3093.74,0.08535521,0
1506281079,22169826,3093.73,0.05045747,0
1506281064,22169816,3093.74,0.00905479,0
1506281062,22169815,3090.00,0.32186920,0
1506281061,22169814,3089.99,0.10091493,0
1506281046,22169800,3089.99,0.03731817,0
1506281044,22169799,3089.99,0.01517101,0
1506280946,22169750,3084.47,0.06313011,0
1506280904,22169719,3090.00,0.02025000,0
1506280884,22169714,3090.00,0.04758535,0
1506280867,22169706,3090.00,0.02984051,0
1506280866,22169705,3090.00,0.05177535,0
1506280764,22169646,3089.99,0.00937294,0
1506280723,22169639,3089.99,0.01505000,0
1506280668,22169625,3089.99,0.22025000,0
1506280659,22169623,3081.26,0.00288569,1
1506280623,22169605,3089.99,0.00924846,0
1506280606,22169595,3081.39,0.31380259,1
1506280601,22169575,3081.31,0.04482931,1
1506280586,22169570,3089.99,0.09890596,0
1506280561,22169553,3082.44,0.09441000,1
1506280541,22169546,3094.30,0.12890476,0
1506280512,22169541,3094.34,0.01820400,0
1506280498,22169534,3094.97,0.50986360,0
1506280382,22169520,3094.79,0.04728167,0
1506280355,22169514,3094.86,0.16122353,0
1506280345,22169513,3094.88,0.04635714,0
1506280333,22169509,3094.89,0.05287938,1
1506280333,22169508,3094.89,0.15112762,0
1506280319,22169501,3081.32,0.15118700,1
1506280307,22169489,3085.58,0.02480400,1
1506280307,22169488,3085.58,0.09519600,1
1506280298,22169481,3094.95,0.26989127,1
1506280287,22169476,3095.00,0.14404038,0
1506280287,22169475,3094.97,0.16454893,0
1506280284,22169474,3094.97,0.00322136,0
1506280284,22169473,3094.97,0.03222971,0
1506280263,22169442,3092.57,0.02205000,0
1506280225,22169433,3092.62,0.01002542,0
1506280204,22169424,3092.62,0.02737495,0
1506280172,22169417,3092.69,0.04144321,0
1506280172,22169416,3092.69,0.09847711,0
1506280171,22169415,3092.69,0.00341862,0
1506280145,22169410,3092.73,0.01425000,0
1506280113,22169404,3092.82,2.13769043,0
1506280113,22169403,3092.79,0.10763139,0
1506280086,22169398,3092.95,0.02967070,0
1506280063,22169387,3092.99,0.00908563,0
1506280042,22169369,3081.07,0.09227359,1
1506280039,22169366,3081.07,0.02529900,1
1506280038,22169363,3081.07,0.06274821,1
1506280029,22169340,3081.10,0.05157571,1
1506280023,22169328,3093.40,0.07622095,0
1506279971,22169305,3095.00,0.68157011,0
1506279971,22169304,3094.04,0.32319400,0
1506279966,22169303,3093.98,2.91929391,0
1506279966,22169302,3093.97,0.23000000,0
1506279944,22169297,3094.00,0.03046244,0
1506279906,22169285,3094.06,0.00935369,0
1506279884,22169269,3094.07,0.15256355,0
1506279866,22169263,3094.16,0.03019644,0
1506279865,22169262,3094.13,0.60635187,0
1506279864,22169261,3081.75,0.12000000,1
1506279823,22169253,3094.48,0.04721152,0
1506279810,22169251,3094.41,0.05633521,0
1506279801,22169250,3094.51,0.32234506,0
1506279801,22169246,3081.36,0.01000000,1
1506279798,22169245,3081.29,1.77029938,1
1506279797,22169243,3094.52,0.13588931,0
1506279796,22169242,3094.52,0.02274274,0
1506279795,22169240,3094.52,0.15863374,0
1506279776,22169217,3085.00,0.00600000,1
1506279755,22169205,3085.03,0.10226288,1
1506279712,22169195,3090.00,0.00170000,0
1506279710,22169193,3090.00,2.00000000,1
1506279695,22169192,3094.49,0.02544361,0
1506279671,22169191,3094.69,0.06446505,0
1506279664,22169180,3094.64,0.06553071,0
1506279640,22169167,3094.77,0.00200000,0
1506279637,22169166,3094.78,0.10056288,0
1506279617,22169157,3094.84,0.00170000,0
1506279594,22169129,3085.40,1.12378121,0
1506279594,22169120,3085.43,1.00000000,0
1506279592,22169119,3090.01,0.48821690,1
1506279573,22169112,3094.99,0.03503849,0
1506279561,22169109,3094.99,1.24331173,0
1506279543,22169108,3090.01,0.37925820,1
1506279526,22169107,3090.01,0.00017599,1
1506279524,22169106,3091.00,0.00500000,1
1506279503,22169099,3095.00,0.03173622,0
1506279464,22169088,3095.00,0.05498165,0
1506279382,22169068,3098.82,0.02028837,0
1506279377,22169067,3098.83,0.09516171,0
1506279353,22169059,3098.89,0.02066589,0
1506279333,22169058,3098.90,0.00200000,0
1506279325,22169056,3098.96,0.00170000,0
1506279312,22169051,3098.96,0.03505922,0
1506279267,22169042,3098.97,0.00200000,1
1506279261,22169036,3098.99,0.00200000,0
1506279250,22169032,3098.98,0.00200000,1
1506279240,22169030,3098.98,0.00200000,0
1506279179,22169011,3098.99,0.04616744,0
1506279177,22169009,3098.12,0.02211700,0
1506279175,22169005,3098.12,0.06513105,0
1506279165,22168998,3098.13,0.00200000,0
1506279158,22168989,3098.13,0.00200000,1
1506279145,22168984,3098.13,0.00200000,0
1506279138,22168983,3098.13,0.00200000,0
1506279134,22168981,3098.13,0.00200000,1
1506279128,22168976,3098.14,0.00200000,1
1506279114,22168971,3098.14,0.00200000,0
1506279099,22168967,3098.15,0.00300000,0
1506279027,22168945,3099.00,0.53322238,0
1506279027,22168944,3098.25,1.10584990,0
1506279027,22168943,3098.24,0.90000000,0
1506279027,22168942,3094.24,0.48604444,0
1506279027,22168941,3094.04,0.12107188,0
1506279010,22168933,3094.07,0.01031651,0
1506279009,22168930,3094.07,0.00749696,1
1506279004,22168925,3094.07,0.01669250,0
1506278944,22168922,3094.24,0.08146564,0
1506278944,22168921,3092.04,0.13236000,0
1506278918,22168895,3091.96,0.03181736,0
1506278884,22168891,3092.03,0.01935973,0
1506278868,22168876,3092.00,0.00659224,0
1506278866,22168874,3080.53,0.15000000,1
1506278781,22168858,3091.99,0.00300000,0
1506278753,22168853,3091.00,0.24750848,1
1506278717,22168849,3090.01,0.16149152,0
1506278679,22168845,3090.01,0.00170000,0
1506278672,22168844,3090.01,0.03680848,0
1506278608,22168838,3089.46,0.11158533,0
1506278585,22168834,3089.55,0.00180000,0
1506278563,22168833,3079.30,0.04561796,1
1506278542,22168825,3089.77,0.19514377,0
1506278542,22168824,3086.00,0.04202060,0
1506278507,22168811,3087.09,0.33079629,0
1506278466,22168790,3086.97,0.00937326,0
1506278460,22168785,3086.98,0.04152299,0
1506278426,22168775,3087.05,0.09499603,0
1506278424,22168774,3087.10,0.00856618,0
1506278423,22168773,3087.04,0.10368382,0
1506278406,22168769,3087.80,0.02972019,0
1506278376,22168760,3087.85,0.00400000,0
1506278323,22168744,3088.29,0.06371525,0
1506278313,22168738,3088.43,0.03187089,0
1506278282,22168723,3088.81,0.09042317,0
1506278276,22168722,3088.81,0.07958746,0
1506278273,22168720,3088.82,0.05500000,0
1506278263,22168715,3088.85,0.00200000,0
1506278255,22168713,3088.89,0.08783898,0
1506278244,22168690,3075.60,0.02500000,1
1506278223,22168683,3089.49,0.18469859,0
1506278176,22168664,3075.00,0.45491590,0
1506278165,22168648,3075.00,1.03356535,0
1506278138,22168607,3075.00,0.09927673,0
1506278127,22168601,3074.99,0.26888133,0
1506278126,22168600,3074.99,0.03000000,0
1506278126,22168599,3074.96,0.02500000,0
1506278126,22168598,3074.96,0.02300000,0
1506278120,22168591,3074.93,0.00170000,0
1506278112,22168572,3074.96,0.00200000,1
1506278057,22168535,3074.99,0.14398631,0
1506278051,22168534,3074.69,0.59310583,0
1506278044,22168523,3063.00,0.06325912,1
1506278044,22168522,3063.01,0.34000000,1
1506278044,22168519,3063.20,0.25000000,1
1506278043,22168518,3063.25,0.01615589,1
1506278043,22168517,3063.26,0.02094960,1
1506278043,22168516,3064.00,0.05000000,1
1506278042,22168515,3064.03,0.10568185,1
1506277955,22168492,3074.63,0.08290000,0
1506277945,22168480,3075.00,0.04173632,0
1506277944,22168477,3075.00,0.01087373,0
1506277933,22168468,3074.99,0.41627160,1
1506277932,22168465,3074.96,0.01616561,0
1506277930,22168463,3074.63,0.46266411,1
1506277930,22168462,3074.64,0.01233589,1
1506277903,22168414,3063.00,1.24298387,1
1506277903,22168412,3063.03,1.10649010,1
1506277903,22168410,3063.04,1.04997154,1
1506277903,22168408,3063.79,0.38000000,1
1506277902,22168406,3063.80,0.20000000,1
1506277902,22168403,3066.22,0.02055449,1
1506277885,22168362,3079.63,0.03013895,0
1506277881,22168359,3079.65,0.13340974,0
1506277874,22168355,3079.67,0.00661624,0
1506277871,22168346,3063.76,0.38234518,1
1506277871,22168345,3063.76,0.32500000,0
1506277871,22168344,3066.00,0.03623205,1
1506277871,22168343,3066.24,0.02391079,1
1506277869,22168340,3068.10,0.03251198,1
1506277848,22168333,3068.32,1.00000000,1
1506277825,22168322,3070.00,0.06135277,0
1506277824,22168320,3070.00,0.12926813,0
1506277817,22168317,3070.00,0.08058678,0
1506277815,22168314,3070.00,0.20000000,1
1506277815,22168313,3070.00,0.32400000,1
1506277814,22168312,3075.10,0.00334871,1
1506277814,22168311,3078.07,0.00831690,1
1506277791,22168300,3080.00,0.35963197,0
1506277791,22168299,3079.25,0.18000000,0
1506277779,22168294,3079.27,0.35126815,0
1506277779,22168293,3079.24,0.74311004,0
1506277775,22168291,3079.29,0.52837937,0
1506277766,22168279,3079.30,0.02404638,0
1506277662,22168058,3080.00,0.00264615,1
1506277661,22168056,3080.49,0.15884222,0
1506277661,22168054,3080.49,0.00700000,0
1506277656,22168045,3080.57,0.14236029,0
1506277655,22168042,3080.00,0.19735385,1
1506277655,22168040,3080.00,0.00264615,1
1506277648,22168030,3080.70,0.00200000,0
1506277647,22168025,3080.00,1.80000000,1
1506277645,22168017,3080.83,0.20000000,1
1506277641,22167998,3080.99,0.02045596,1
1506277641,22167996,3081.00,2.58374823,1
1506277633,22167965,3085.39,0.00170000,0
1506277623,22167944,3085.47,0.00500000,0
1506277615,22167937,3085.60,0.00500000,0
1506277614,22167934,3085.60,0.40176915,0
1506277608,22167929,3085.69,0.03231847,0
1506277606,22167928,3085.70,0.02981700,0
1506277604,22167925,3085.70,0.42233007,0
1506277603,22167922,3085.77,0.00200000,0
1506277570,22167844,3086.83,0.02309937,0
1506277564,22167836,3081.00,0.01412252,1
1506277563,22167834,3086.75,0.00770000,0
1506277562,22167833,3086.76,0.01946243,0
1506277529,22167801,3086.95,0.05698681,0
1506277522,22167799,3086.92,0.00905386,0
1506277503,22167789,3086.97,0.04381700,0
1506277459,22167778,3087.00,0.10096764,0
1506277457,22167777,3086.65,0.05173417,0
1506277457,22167776,3086.65,0.00257000,0
1506277444,22167768,3086.56,0.01115000,0
1506277430,22167759,3086.65,0.10150892,0
1506277416,22167753,3081.00,0.30000000,1
1506277406,22167750,3086.65,0.01498893,0
1506277385,22167736,3086.65,0.02161557,0
1506277383,22167734,3086.65,0.03108241,0
1506277345,22167731,3087.00,0.06262042,0
1506277339,22167729,3087.00,0.03231293,0
1506277334,22167727,3089.00,0.24147327,0
1506277327,22167723,3089.00,0.15852673,0
1506277325,22167722,3086.30,0.14191184,0
1506277324,22167720,3086.30,0.01978083,0
1506277323,22167718,3081.00,1.58192627,1
1506277323,22167717,3081.01,0.51000000,1
1506277323,22167715,3081.81,0.02045051,1
1506277322,22167713,3081.87,0.02045012,1
1506277322,22167711,3081.94,0.02044965,0
1506277321,22167710,3081.97,0.58887014,1
1506277321,22167709,3082.00,0.32084717,1
1506277281,22167700,3086.30,0.05162970,0
1506277268,22167693,3086.30,0.00807763,0
1506277204,22167662,3086.80,0.12233385,0
1506277197,22167661,3086.80,0.00908000,0
1506277193,22167657,3086.77,0.00753041,0
1506277186,22167656,3086.80,0.03086280,0
1506277123,22167643,3087.00,0.02215000,0
1506277117,22167642,3087.00,0.02596043,0
1506277113,22167629,3086.97,0.02894747,0
1506277102,22167625,3087.00,0.02686496,0
1506277085,22167616,3086.97,0.00646265,0
1506277024,22167606,3086.97,0.06125000,0
1506277023,22167605,3081.03,0.13000000,1
1506276952,22167596,3087.00,0.04265306,0
1506276944,22167583,3086.97,0.03166366,0
1506276928,22167580,3087.00,0.18642400,0
1506276927,22167578,3081.00,0.07792396,1
1506276927,22167577,3081.20,0.01000000,1
1506276927,22167576,3081.23,0.14382819,1
1506276883,22167562,3086.94,0.31499298,0
1506276853,22167557,3087.00,0.07951030,0
1506276843,22167555,3086.97,0.12711947,0
1506276823,22167549,3087.00,0.03030000,0
1506276808,22167545,3081.00,1.12000000,1
1506276783,22167533,3081.00,0.09635103,0
1506276773,22167530,3081.00,0.05172087,0
1506276767,22167528,3080.00,0.20000000,1
1506276765,22167525,3080.83,0.50000000,1
1506276762,22167519,3081.40,0.03605330,1
1506276762,22167517,3082.01,0.01587480,1
1506276753,22167510,3087.00,0.02773570,0
1506276752,22167509,3081.40,0.18530959,0
1506276752,22167507,3081.40,0.00200000,0
1506276752,22167506,3082.00,0.02489821,1
1506276750,22167503,3082.01,0.20000000,1
1506276741,22167498,3087.67,0.01670872,0
1506276724,22167493,3088.25,0.04253229,0
1506276694,22167469,3082.00,0.20118439,1
1506276692,22167468,3082.10,0.79881561,1
1506276644,22167450,3089.00,0.09887432,0
1506276625,22167447,3089.00,0.03228255,0
1506276604,22167443,3082.00,0.77391740,1
1506276604,22167442,3082.06,0.11365551,1
1506276602,22167440,3082.10,0.11242709,1
1506276565,22167429,3089.00,0.03149863,0
1506276564,22167428,3089.00,0.02585994,0
1506276511,22167410,3091.36,0.05039382,0
1506276493,22167405,3091.89,0.44931330,0
1506276490,22167404,3091.89,0.25809456,0
1506276485,22167402,3091.88,0.00258093,0
1506276471,22167396,3092.25,0.38423154,0
1506276471,22167395,3091.73,0.07529736,0
1506276471,22167394,3091.73,0.33000000,1
1506276470,22167393,3084.14,0.01728102,0
1506276465,22167392,3084.14,0.00913728,0
1506276453,22167391,3084.14,0.00368170,1
1506276405,22167381,3092.25,0.04405982,0
1506276381,22167379,3092.51,0.15993102,0
1506276370,22167377,3092.51,0.03300000,0
1506276304,22167359,3093.67,0.02645234,0
1506276279,22167350,3082.91,0.80000000,0
1506276278,22167349,3082.91,0.20000000,1
1506276275,22167348,3082.91,0.03522838,0
1506276274,22167344,3083.03,0.96477162,1
1506276264,22167338,3094.04,0.46477162,0
1506276256,22167328,3082.90,0.50000000,0
1506276254,22167326,3094.11,0.08647355,0
1506276254,22167325,3094.08,0.38373545,0
1506276241,22167299,3094.19,0.00953632,0
1506276232,22167295,3094.20,0.21883077,1
1506276229,22167288,3094.20,0.08129539,0
1506276217,22167279,3090.00,0.03456187,1
1506276215,22167277,3082.42,0.46503084,0
1506276213,22167275,3090.00,0.03496916,1
1506276212,22167274,3094.22,0.36336144,1
1506276212,22167271,3094.22,0.08143383,0
1506276206,22167259,3090.00,0.46503084,1
1506276204,22167253,3090.01,0.03496916,1
1506276202,22167251,3094.22,0.47688040,0
1506276197,22167248,3090.01,0.20000000,1
1506276196,22167246,3094.23,0.13203495,0
1506276195,22167245,3094.23,0.15501052,0
1506276195,22167244,3094.23,1.24256930,0
1506276191,22167236,3094.23,0.27644315,0
1506276191,22167235,3090.09,0.29000000,0
1506276189,22167230,3092.07,0.01000000,1
1506276184,22167217,3094.24,0.50555242,0
1506276145,22167174,3096.45,0.01257322,0
1506276127,22167164,3096.49,0.06431894,0
1506276126,22167163,3096.49,0.28373596,0
1506276126,22167162,3096.48,0.04185886,0
1506276123,22167156,3096.48,0.01814114,0
1506276091,22167119,3096.59,0.27791874,0
1506276065,22167086,3101.59,1.00000000,0
1506276056,22167079,3101.59,0.00257287,0
1506276044,22167069,3099.89,2.35953984,0
1506276040,22167060,3105.50,0.82638544,0
1506276040,22167059,3105.49,0.01000000,0
1506276040,22167058,3105.49,4.44938000,1
1506276040,22167057,3102.10,0.07000000,0
1506276039,22167056,3101.61,0.05148651,0
1506276039,22167055,3101.60,5.73000000,1
1506276038,22167053,3099.89,0.87090394,1
1506276032,22167042,3098.88,0.00332253,1
1506276026,22167035,3100.00,0.19661690,1
1506276026,22167034,3100.00,0.10000000,1
1506276025,22167033,3100.00,0.19500000,1
1506276025,22167032,3100.00,0.18085640,1
1506276025,22167031,3100.16,4.50000000,1
1506276025,22167030,3100.20,0.09178224,1
1506276001,22167018,3105.25,0.00322024,0
1506275933,22166994,3105.80,0.07557262,1
1506275931,22166993,3100.23,0.02566740,0
1506275909,22166981,3100.20,0.04640090,1
1506275902,22166941,3100.20,0.06066130,1
1506275902,22166938,3100.23,0.19884202,1
1506275875,22166921,3100.23,0.69271547,1
1506275864,22166919,3106.29,0.06072529,0
1506275860,22166918,3100.20,0.03301768,1
1506275844,22166912,3106.29,0.00813987,0
1506275794,22166902,3100.20,0.06813788,1
1506275781,22166899,3106.39,0.02117741,0
1506275746,22166892,3106.48,0.00971784,0
1506275740,22166887,3100.23,0.00477691,1
1506275726,22166880,3106.49,0.32170714,0
1506275668,22166869,3106.49,1.07977950,0
1506275666,22166868,3106.49,0.03014748,0
1506275647,22166864,3106.43,0.03091411,0
1506275645,22166863,3106.49,0.00890880,0
1506275625,22166847,3106.46,0.01687630,0
1506275614,22166840,3106.49,0.07590000,1
1506275603,22166836,3100.26,0.01077413,1
1506275564,22166790,3106.50,0.01725000,0
1506275492,22166763,3106.50,0.09492936,0
1506275444,22166756,3106.50,0.12593554,0
1506275443,22166755,3106.50,0.03070750,0
1506275428,22166749,3106.50,0.01105000,0
1506275427,22166748,3106.50,0.09050666,0
1506275378,22166735,3106.50,0.44262584,0
1506275370,22166731,3106.50,0.00160309,0
1506275352,22166718,3106.50,0.00782435,0
1506275345,22166715,3106.48,0.14770737,0
1506275332,22166713,3106.46,0.31259299,0
1506275316,22166708,3106.24,0.18707347,0
1506275313,22166707,3106.25,0.00689256,0
1506275299,22166703,3106.46,0.07741173,0
1506275283,22166700,3106.50,0.04851983,0
1506275244,22166694,3106.24,0.00910522,0
1506275226,22166693,3106.50,0.04638543,0
1506275225,22166692,3106.50,0.03089256,0
1506275169,22166684,3102.80,0.12000000,1
1506275147,22166675,3108.71,0.01799181,0
1506275115,22166669,3109.00,0.03506467,0
1506275115,22166668,3108.99,0.61327207,0
1506275115,22166667,3108.78,0.36009623,0
1506275064,22166661,3108.83,0.03027879,0
1506275062,22166659,3108.98,0.00320684,0
1506275044,22166657,3108.95,0.00899946,0
1506275038,22166655,3108.97,0.15007695,1
1506275031,22166653,3108.80,0.51466804,0
1506275027,22166650,3108.81,0.05926895,0
1506275005,22166640,3108.91,0.03859874,0
1506274989,22166638,3102.50,0.47134620,1
1506274966,22166636,3108.99,0.06066007,0
1506274964,22166635,3108.99,0.19740172,0
1506274963,22166630,3108.99,0.02236890,0
1506274946,22166619,3108.99,0.03070826,0
1506274925,22166616,3108.99,0.08037862,0
1506274904,22166591,3102.33,0.02589597,1
1506274882,22166588,3108.99,0.17065010,0
1506274881,22166587,3108.99,0.03027071,0
1506274861,22166583,3108.99,0.05690533,0
1506274844,22166577,3108.99,0.12143733,0
1506274824,22166573,3108.99,0.16094921,0
1506274778,22166563,3109.83,0.25290923,0
1506274773,22166560,3109.72,0.12635478,0
1506274754,22166558,3109.75,0.05548093,0
1506274754,22166557,3109.72,0.26064279,0
1506274738,22166553,3101.94,0.23000000,1
1506274719,22166549,3109.75,0.02381530,0
1506274705,22166547,3109.78,0.03955560,0
1506274690,22166546,3109.83,0.01470000,0
1506274613,22166538,3109.78,0.12830490,0
1506274588,22166531,3109.83,0.77693637,0
1506274543,22166521,3109.83,0.00920260,0
1506274532,22166519,3109.83,0.05216199,0
1506274477,22166507,3109.81,0.31519376,0
1506274468,22166498,3109.75,0.70030000,0
1506274424,22166496,3109.83,0.47025000,0
1506274380,22166483,3109.83,0.02223633,0
1506274326,22166466,3109.83,0.01882035,0
1506274317,22166465,3109.83,0.01410000,0
1506274309,22166462,3109.83,0.00398155,0
1506274304,22166459,3102.29,0.03064279,1
1506274301,22166456,3109.83,0.02038028,0
1506274284,22166448,3109.83,0.01546936,0
1506274260,22166443,3109.83,0.00259558,0
1506274252,22166413,3109.83,0.02593566,0
1506274209,22166407,3109.83,0.01173569,0
1506274164,22166404,3109.83,0.03886714,0
1506274108,22166397,3109.83,0.15384828,0
1506273825,22166333,3109.82,0.01496823,0
1506273823,22166332,3109.79,0.00340340,0
1506273783,22166321,3109.82,0.31596597,0
1506273783,22166320,3109.82,0.01922000,0
1506273764,22166317,3109.82,0.00996821,0
1506273764,22166316,3109.00,0.00500000,0
1506273685,22166294,3109.83,0.11617851,0
1506273630,22166290,3109.83,0.00340282,0
1506273595,22166258,3109.22,0.01107467,0
1506273595,22166257,3109.22,0.08326725,0
1506273593,22166254,3109.26,0.03771430,0
1506273593,22166252,3109.23,0.23431170,0
1506273593,22166250,3109.23,0.03772000,0
1506273535,22166238,3109.70,1.00000000,0
1506273523,22166236,3109.73,0.12143694,0
1506273522,22166235,3102.35,0.17239486,1
1506273501,22166234,3109.77,0.00900943,0
1506273477,22166231,3109.57,0.19247034,0
1506273463,22166224,3109.80,0.00899711,0
1506273443,22166219,3109.63,0.31740693,0
1506273405,22166212,3102.24,0.06943957,1
1506273384,22166210,3109.76,0.08648921,0
1506273381,22166209,3109.81,0.03148910,0
1506273347,22166204,3109.79,0.01880827,1
1506273345,22166203,3109.74,0.00871409,0
1506273345,22166202,3105.55,0.00110209,0
1506273329,22166199,3101.57,0.00170000,1
1506273295,22166196,3105.55,0.02889791,1
1506273201,22166181,3102.04,0.11700000,0
1506273163,22166179,3105.54,0.08268434,0
1506273142,22166177,3108.55,0.07260836,1
1506273112,22166174,3108.49,0.36533683,0
1506273084,22166170,3108.54,0.09101295,0
1506273072,22166169,3108.54,0.03166186,0
1506273046,22166161,3109.61,0.00931578,0
1506272997,22166147,3109.71,0.04970521,0
1506272986,22166138,3109.75,0.08462143,0
1506272985,22166137,3109.74,0.03667790,0
1506272945,22166106,3109.84,0.08990775,0
1506272944,22166105,3109.84,0.01724928,0
1506272902,22166101,3109.84,0.01962861,0
1506272885,22166099,3109.75,0.66162669,0
1506272874,22166088,3109.77,0.19757223,0
1506272865,22166085,3109.79,0.01865446,0
1506272864,22166084,3109.79,0.02416735,0
1506272821,22166081,3110.47,0.03967785,0
1506272807,22166079,3110.53,0.08541134,0
1506272764,22166067,3104.14,0.04644388,1
1506272746,22166064,3110.96,0.06169960,0
1506272743,22166063,3110.99,1.00025000,0
1506272723,22166055,3110.95,0.01290974,0
1506272706,22166046,3110.99,0.02949865,1
1506272665,22166037,3110.99,0.03141082,0
1506272663,22166034,3110.98,0.07136264,0
1506272656,22166029,3110.99,0.21424500,0
1506272653,22166023,3110.99,0.06755590,0
1506272604,22166007,3111.05,0.00655973,0
1506272596,22165996,3111.08,0.06556854,0
1506272585,22165977,3111.11,0.36788359,0
1506272585,22165976,3111.11,0.01644391,0
1506272566,22165961,3117.48,0.03042147,0
1506272530,22165958,3117.58,0.06627560,0
1506272496,22165945,3117.70,0.00799628,0
1506272441,22165915,3117.93,0.01915219,0
1506272364,22165882,3118.09,0.33059353,0
1506272363,22165881,3118.08,0.04000000,0
1506272345,22165872,3118.11,0.03431829,0
1506272344,22165871,3118.11,0.00897230,0
1506272284,22165804,3118.22,0.07963690,0
1506272283,22165803,3118.21,0.04000000,0
1506272281,22165802,3118.22,0.09079610,0
1506272204,22165779,3106.38,0.02702825,1
1506272063,22165746,3118.52,0.06166148,0
1506272044,22165728,3118.60,0.01047806,0
1506272024,22165721,3106.86,0.01181907,1
1506271984,22165711,3106.34,0.03987638,1
1506271978,22165706,3106.23,0.01132974,0
1506271975,22165704,3106.23,0.02396300,0
1506271973,22165703,3107.04,0.00320553,1
1506271973,22165702,3108.99,0.02027173,1
1506271945,22165696,3119.23,0.02999050,0
1506271923,22165690,3109.00,0.04958036,1
1506271870,22165679,3119.68,0.01595879,0
1506271851,22165675,3108.96,0.06073092,1
1506271823,22165667,3108.85,0.00170000,1
1506271806,22165664,3119.90,3.12273783,0
1506271766,22165662,3120.17,0.02957768,0
1506271692,22165652,3120.45,0.03171316,0
1506271647,22165645,3120.62,0.03120186,0
1506271603,22165640,3120.79,0.02111312,0
1506271566,22165629,3120.95,0.01782636,0
1506271535,22165622,3120.99,0.01028780,0
1506271516,22165620,3121.04,0.01598103,1
1506271504,22165608,3115.90,0.01289920,0
1506271444,22165600,3115.98,0.06041625,0
1506271405,22165593,3116.04,0.04225310,0
1506271355,22165561,3122.15,0.16625000,1
1506271353,22165560,3120.00,0.00400000,0
1506271284,22165542,3122.29,0.01509789,0
1506271263,22165534,3122.32,0.00934106,0
1506271186,22165518,3122.53,3.05840830,0
1506271186,22165517,3122.53,0.04000000,0
1506271186,22165516,3122.53,0.01366006,0
1506271184,22165515,3107.68,0.01940711,1
1506271184,22165514,3111.38,0.02025616,1
1506271161,22165510,3122.60,0.00130579,0
1506271161,22165509,3122.60,0.00894421,0
1506271152,22165508,3122.61,0.15722580,0
1506271106,22165499,3122.71,0.07763461,0
1506271093,22165493,3122.73,0.25477452,0
1506271093,22165492,3122.73,0.58886087,0
1506271091,22165486,3122.73,0.05801013,0
1506271045,22165467,3122.82,0.01084689,0
1506271044,22165466,3122.81,0.05000000,0
1506270954,22165414,3122.27,0.01126999,0
1506270947,22165413,3122.29,0.00200000,0
1506270945,22165412,3122.29,0.04224917,0
1506270904,22165406,3111.75,0.01468457,1
1506270904,22165405,3115.00,0.00200000,1
1506270763,22165378,3122.68,0.00159478,0
1506270665,22165354,3122.82,0.02938690,0
1506270645,22165341,3122.86,0.00915579,0
1506270637,22165338,3122.89,1.00000000,0
1506270567,22165322,3112.05,0.00816526,1
1506270567,22165321,3119.97,0.00239429,1
1506270384,22165273,3124.38,0.01149000,0
1506270368,22165272,3124.44,0.95010366,0
1506270368,22165271,3124.41,0.28429372,0
1506270346,22165269,3119.97,0.00200000,1
1506270302,22165266,3124.95,0.01004167,0
1506270295,22165264,3119.97,0.00200000,1
1506270285,22165218,3123.92,0.02195000,0
1506270204,22165195,3119.97,0.01187697,0
1506270151,22165193,3107.60,0.30068548,0
1506270150,22165192,3110.82,0.01810000,0
1506270150,22165191,3110.82,0.67500000,0
1506270150,22165189,3113.50,0.00681832,1
1506270148,22165188,3113.66,0.17939620,1
1506270145,22165187,3113.69,0.01500000,1
1506270124,22165184,3124.50,0.01199642,0
1506270092,22165176,3113.53,0.31511711,0
1506270092,22165175,3119.93,0.00169500,1
1506270092,22165174,3119.95,0.01495847,1
1506270090,22165173,3120.00,0.46822942,1
1506270024,22165149,3124.97,0.45041797,0
1506270024,22165148,3123.44,0.04841137,0
1506270024,22165147,3123.20,0.00366049,0
1506270024,22165146,3123.14,0.49751017,0
1506269980,22165137,3120.00,0.16393620,0
1506269961,22165135,3120.00,0.30864767,0
1506269860,22165116,3120.00,0.02112980,0
1506269801,22165109,3120.00,0.00898642,0
1506269620,22165052,3119.97,0.03874358,0
1506269596,22165044,3120.00,0.00200000,0
1506269589,22165040,3119.97,0.03873800,0
1506269580,22165035,3113.62,0.00000500,0
1506269562,22165012,3113.62,0.00282000,0
1506269540,22165005,3113.53,0.00256045,1
1506269529,22164995,3119.93,0.00170000,0
1506269514,22164981,3113.53,0.13000000,1
1506269513,22164980,3113.50,0.05318168,0
1506269488,22164973,3113.50,1.00000000,0
1506269474,22164972,3113.50,0.04753110,0
1506269463,22164965,3111.72,0.27981863,1
1506269444,22164960,3113.50,0.01567892,0
1506269411,22164957,3113.50,0.05421572,0
1506269365,22164942,3113.50,0.15571887,0
1506269363,22164941,3113.50,0.25098135,0
1506269323,22164927,3108.33,0.16431267,1
1506269206,22164896,3113.50,0.06256262,0
1506269171,22164891,3113.50,0.01025000,0
1506269107,22164880,3113.50,0.12142284,0
1506269035,22164874,3113.50,0.20101000,0
1506269004,22164871,3113.50,0.01199688,0
1506268986,22164865,3113.50,0.01545002,0
1506268961,22164856,3119.81,0.02085000,0
1506268931,22164817,3119.87,0.01638812,0
1506268926,22164816,3119.88,0.00478265,1
1506268924,22164815,3119.99,0.04695016,0
1506268923,22164814,3119.88,0.15000000,1
1506268920,22164809,3119.88,0.06000000,0
1506268920,22164808,3110.00,0.29096389,0
1506268916,22164804,3110.00,0.28050207,0
1506268912,22164800,3110.23,0.10000000,1
1506268912,22164799,3110.48,0.23085773,1
1506268912,22164798,3113.00,0.09743901,1
1506268856,22164789,3113.00,0.00256099,1
1506268855,22164785,3119.83,0.00639458,0
1506268842,22164771,3119.88,0.57113571,0
1506268842,22164770,3119.88,0.06000000,0
1506268809,22164755,3119.93,0.00905477,0
1506268807,22164754,3119.93,0.05997546,0
1506268763,22164740,3120.00,0.01564189,0
1506268725,22164733,3120.00,0.43160897,0
1506268725,22164732,3120.00,0.00885320,0
1506268723,22164731,3120.00,0.03620803,0
1506268684,22164728,3120.00,0.00200000,1
1506268623,22164716,3120.89,0.00896216,0
1506268603,22164711,3120.92,0.02201490,0
1506268564,22164701,3120.97,0.12425153,0
1506268508,22164678,3121.84,0.55314385,0
1506268508,22164676,3121.83,0.07000000,0
1506268466,22164655,3121.97,0.00884980,0
1506268454,22164651,3122.00,0.31953876,0
1506268444,22164649,3122.54,0.01957205,0
1506268385,22164636,3122.76,0.14693685,0
1506268324,22164624,3123.30,0.02863097,0
1506268274,22164584,3120.00,0.00200000,1
1506268264,22164582,3121.99,0.02569689,0
1506268127,22164536,3123.69,0.12986357,0
1506268127,22164535,3123.69,0.02019999,0
1506268125,22164534,3123.69,0.05980001,0
1506268085,22164526,3112.35,0.72122127,1
1506268085,22164525,3115.56,0.20721236,1
1506268085,22164524,3117.00,0.06036637,0
1506268083,22164523,3117.00,0.01120000,1
1506268076,22164522,3115.56,0.02937495,1
1506268061,22164520,3115.56,0.00365767,1
1506267993,22164505,3124.98,0.00271640,0
1506267965,22164487,3125.00,0.11162586,0
1506267924,22164481,3124.96,0.01348921,0
1506267907,22164470,3125.00,0.26716480,0
1506267907,22164469,3124.99,0.09000000,0
1506267905,22164467,3124.96,0.12163669,0
1506267885,22164457,3124.96,0.07795314,0
1506267801,22164447,3124.96,0.09419839,0
1506267745,22164440,3124.96,0.01231882,0
1506267738,22164439,3115.89,0.10000000,1
1506267645,22164409,3114.88,0.16898000,1
1506267616,22164378,3124.99,0.01545284,0
1506267605,22164374,3124.99,0.01545284,0
1506267585,22164343,3125.00,0.31625522,0
1506267584,22164341,3125.00,0.36248417,0
1506267584,22164340,3124.99,0.10000000,0
1506267486,22164306,3124.10,0.20510403,0
1506267486,22164305,3124.09,0.07646557,0
1506267485,22164302,3124.09,0.02937495,0
1506267485,22164300,3124.09,0.01415948,0
1506267423,22164273,3123.60,0.15560607,0
1506267423,22164272,3121.57,0.12436465,0
1506267417,22164271,3121.57,0.01563535,0
1506267384,22164266,3121.70,0.31636978,0
1506267366,22164262,3121.80,0.02939650,0
1506267264,22164234,3122.89,0.01068080,0
1506267256,22164232,3122.99,0.00009900,1
1506267255,22164231,3122.99,0.07500000,1
1506267245,22164226,3122.99,0.02938530,0
1506267245,22164224,3122.99,0.02938530,0
1506267240,22164222,3123.00,0.14171073,0
1506267239,22164221,3120.89,0.32918343,0
1506267239,22164220,3120.00,0.50000000,0
1506267224,22164216,3119.94,0.12096774,0
1506267123,22164208,3119.80,0.15399803,0
1506267084,22164186,3120.59,0.06255010,0
1506267074,22164183,3120.67,0.10065000,0
1506267065,22164182,3120.79,0.00579312,0
1506267065,22164181,3120.38,0.10000000,0
1506267065,22164180,3120.37,0.01869824,0
1506267045,22164179,3120.36,0.00989720,0
1506267043,22164178,3107.70,0.03196023,1
1506266991,22164173,3119.21,0.48139433,0
1506266983,22164165,3119.32,0.00894752,0
1506266924,22164145,3116.00,0.03083024,0
1506266884,22164110,3116.57,0.01025000,0
1506266824,22164096,3115.80,0.01569966,0
1506266765,22164090,3114.55,0.04375000,0
1506266746,22164085,3106.84,0.31504501,0
1506266744,22164084,3106.84,0.02117510,0
1506266744,22164083,3106.84,0.11891200,0
1506266704,22164075,3106.84,0.06071844,0
1506266654,22164066,3106.84,0.32892520,0
1506266632,22164058,3106.84,0.02707254,0
1506266624,22164057,3106.84,0.00938829,0
1506266604,22164055,3106.84,0.03029974,0
1506266599,22164054,3102.81,0.80290632,1
1506266518,22164042,3106.84,1.02497393,0
1506266423,22164026,3106.84,0.01465000,0
1506266402,22164021,3106.84,0.01797585,0
1506266402,22164020,3106.84,0.01199829,0
1506266173,22163923,3106.84,0.03588211,0
1506266166,22163917,3106.84,0.02953805,0
1506266161,22163912,3106.84,0.00900569,0
1506266149,22163905,3106.84,0.50000000,0
1506266084,22163886,3106.84,0.47837870,0
1506266084,22163885,3106.81,1.00000000,0
1506266024,22163869,3101.64,0.05365471,1
1506266024,22163867,3101.64,0.03472597,1
1506266023,22163866,3101.67,0.72161932,1
1506265987,22163860,3106.81,0.04529800,0
1506265970,22163851,3106.84,0.02856902,0
1506265964,22163847,3106.81,0.03105694,0
1506265947,22163844,3106.81,0.07918657,0
1506265908,22163819,3106.78,0.09006962,0
1506265843,22163796,3106.81,0.24333489,0
1506265825,22163777,3106.84,0.31462332,0
1506265824,22163776,3106.84,0.00901102,0
1506265809,22163770,3106.84,0.23267330,1
1506265807,22163769,3105.00,0.47403359,0
1506265749,22163744,3105.00,0.04391112,0
1506265713,22163733,3105.00,0.00173721,0
1506265707,22163731,3105.00,0.00347443,0
1506265704,22163730,3101.58,0.02885279,1
1506265704,22163729,3101.59,0.02114721,1
1506265698,22163728,3105.00,0.00694887,0
1506265663,22163720,3105.00,0.03031770,0
1506265650,22163717,3105.00,0.11635561,0
1506265607,22163708,3105.00,0.03091700,0
1506265571,22163698,3105.00,0.53533743,0
1506265554,22163693,3105.00,0.13179711,0
1506265517,22163664,3105.00,0.06325336,0
1506265473,22163651,3105.00,0.10030000,0
1506265452,22163629,3105.00,0.24559713,0
1506265452,22163627,3105.00,0.11601944,0
1506265446,22163624,3105.00,0.10000000,0
1506265417,22163606,3101.57,1.00000000,1
1506265391,22163596,3106.84,0.47847080,0
1506265385,22163577,3106.84,0.10452300,0
1506265360,22163552,3107.77,0.40230844,1
1506265360,22163551,3110.00,1.09539871,1
1506265360,22163550,3110.00,0.87355913,1
1506265352,22163538,3112.30,0.04107896,0
1506265331,22163506,3110.00,0.10864600,1
1506265307,22163441,3110.96,0.03800500,0
1506265296,22163431,3110.91,0.65719720,1
1506265296,22163429,3110.96,0.03802560,1
1506265284,22163394,3112.82,0.15435804,0
1506265281,22163384,3112.82,0.07879700,0
1506265266,22163343,3118.46,0.02942798,0
1506265243,22163331,3110.92,0.00963909,1
1506265243,22163330,3111.02,0.02352228,1
1506265218,22163320,3124.64,0.37443319,0
1506265218,22163319,3118.48,0.10000000,0
1506265218,22163318,3118.47,0.01375790,0
1506265203,22163313,3118.47,0.03134546,0
1506265161,22163298,3118.40,0.02679072,0
1506265160,22163297,3118.40,0.01012319,0
1506265148,22163291,3118.40,0.03195549,0
1506265078,22163225,3123.66,0.05613610,0
1506265076,22163224,3123.66,0.05745290,0
1506265038,22163138,3115.11,0.02106140,0
1506265037,22163133,3115.11,0.07449230,0
1506265003,22163116,3123.88,0.02820120,0
1506264999,22163114,3123.97,3.19356714,0
1506264954,22163092,3124.42,0.03162405,0
1506264845,22163047,3124.70,0.02200936,0
1506264823,22163041,3124.74,0.02961678,0
1506264804,22163029,3124.78,0.00933379,0
1506264801,22163028,3124.79,0.03012386,0
1506264787,22163022,3115.11,0.01552178,0
1506264763,22163016,3124.88,0.00895341,0
1506264744,22163011,3124.98,0.01500653,0
1506264584,22162978,3124.99,0.10413510,0
1506264565,22162976,3124.99,0.00721854,0
1506264564,22162975,3124.50,0.03766337,0
1506264564,22162974,3123.87,0.45536809,0
1506264554,22162973,3114.67,0.18777190,1
1506264504,22162963,3123.87,0.11389113,0
1506264499,22162960,3123.87,0.05927402,0
1506264465,22162954,3123.87,0.31095376,0
1506264463,22162953,3123.87,0.07551300,0
1506264379,22162930,3123.85,0.50000000,0
1506264377,22162929,3123.74,0.11856636,0
1506264365,22162926,3123.81,0.02937749,0
1506264347,22162922,3123.66,0.13206321,0
1506264337,22162919,3123.85,0.25000000,0
1506264324,22162916,3123.61,0.07550720,0
1506264262,22162844,3115.04,0.14541934,0
1506264261,22162842,3115.04,0.55458066,0
1506264211,22162746,3123.85,0.03525000,0
1506264166,22162725,3123.88,0.15517159,0
1506264146,22162718,3123.80,0.01380288,0
1506264140,22162715,3115.00,0.01137144,1
1506264102,22162706,3115.00,0.01340677,1
1506264089,22162701,3115.00,0.01761642,1
1506264087,22162700,3124.18,0.03192838,0
1506264083,22162698,3124.29,0.02823315,0
1506264065,22162681,3124.49,0.03090710,0
1506264063,22162680,3124.52,0.03749918,0
1506264061,22162671,3115.00,0.12379250,1
1506264054,22162662,3115.00,0.09282975,1
1506264045,22162636,3115.00,0.13078008,1
1506264044,22162627,3115.00,0.21449118,1
1506264034,22162619,3124.67,0.13847222,1
1506264033,22162618,3120.79,0.04929968,0
1506264010,22162587,3110.91,0.13406000,1
1506263998,22162560,3110.91,0.20874280,1
1506263958,22162537,3110.92,0.17500000,0
1506263954,22162536,3110.93,0.23154830,1
1506263954,22162535,3110.93,0.11807429,1
1506263936,22162513,3111.55,0.04865422,0
1506263924,22162506,3122.00,0.48749578,0
1506263924,22162505,3121.97,0.51275422,0
1506263893,22162486,3111.59,0.47134625,1
1506263887,22162485,3122.00,0.03136524,0
1506263886,22162484,3122.00,0.00929791,0
1506263844,22162467,3122.00,0.00896770,0
1506263784,22162448,3122.00,0.06207451,0
1506263772,22162445,3122.00,0.00652471,0
1506263723,22162436,3122.00,0.01348959,0
1506263684,22162428,3124.90,0.03012463,0
1506263604,22162421,3111.56,0.01024160,1
1506263587,22162416,3124.99,0.03302090,0
1506263585,22162415,3124.90,0.04039489,0
1506263569,22162410,3110.92,0.03266874,1
1506263555,22162379,3113.60,0.00256099,1
1506263533,22162367,3124.90,0.15960511,0
1506263483,22162361,3124.89,0.00893737,0
1506263447,22162357,3125.00,1.13521123,0
1506263447,22162356,3124.99,0.12000000,0
1506263447,22162355,3124.94,0.02219021,0
1506263441,22162354,3124.93,0.31310527,0
1506263425,22162353,3124.95,0.00953832,0
1506263368,22162336,3111.34,0.22726123,1
1506263368,22162335,3117.09,0.04859351,1
1506263367,22162333,3117.19,0.02021814,1
1506263367,22162332,3117.21,0.02021814,1
1506263367,22162331,3117.26,0.02021795,1
1506263367,22162330,3117.26,0.02021795,1
1506263367,22162329,3117.28,0.02487310,1
1506263354,22162308,3117.28,0.01940727,1
1506263341,22162306,3124.99,0.01593224,0
1506263324,22162304,3124.99,0.01654270,0
1506263287,22162298,3128.00,0.03180946,0
1506263285,22162297,3128.00,0.03853179,0
1506263285,22162296,3126.00,0.00678375,0
1506263283,22162295,3126.00,0.03017194,0
1506263252,22162286,3116.32,0.00256099,1
1506263252,22162285,3116.35,0.00256099,1
1506263205,22162274,3126.00,0.01304431,0
1506263205,22162273,3125.94,0.04575521,0
1506263180,22162255,3120.00,0.63300000,0
1506263179,22162253,3120.00,9.56239474,0
1506263177,22162250,3120.00,0.20000000,0
1506263127,22162235,3120.00,0.03069877,0
1506263058,22162203,3120.00,0.07880807,0
1506263043,22162195,3120.00,0.01502533,0
1506263031,22162192,3120.00,0.03099165,0
1506263029,22162191,3120.00,0.02681354,0
1506262903,22162152,3120.00,0.03017204,0
1506262861,22162143,3111.20,0.02604439,1
1506262841,22162141,3119.99,0.15953577,0
1506262835,22162140,3119.99,0.30851131,0
1506262811,22162136,3119.99,0.11025000,0
1506262798,22162135,3119.99,0.03394241,0
1506262796,22162132,3119.96,0.12591416,0
1506262755,22162111,3110.56,0.12591416,0
1506262754,22162110,3110.56,0.00610000,0
1506262754,22162109,3110.56,0.73423063,1
1506262724,22162089,3110.01,0.52287711,1
1506262724,22162088,3111.54,0.00576885,1
1506262724,22162087,3113.33,0.16100000,1
1506262724,22162086,3113.33,0.07985159,1
1506262692,22162046,3120.00,0.02509586,0
1506262653,22162001,3125.79,0.01025000,0
1506262641,22161987,3125.84,0.19937258,0
1506262626,22161971,3125.89,0.01078188,0
1506262523,22161896,3126.56,0.03912930,0
1506262510,22161892,3126.62,0.05803725,1
1506262510,22161891,3126.62,0.10147685,1
1506262424,22161828,3128.40,0.05386916,0
1506262410,22161789,3124.45,0.00882834,0
1506262407,22161786,3128.68,0.03168898,0
1506262406,22161783,3128.70,0.01090770,0
1506262398,22161777,3111.82,0.10147685,1
1506262382,22161740,3111.54,0.38572275,1
1506262382,22161739,3116.91,0.00329686,1
1506262382,22161738,3118.63,0.01114217,1
1506262381,22161736,3118.63,0.36385783,0
1506262380,22161735,3118.60,0.50000000,1
1506262377,22161726,3124.85,0.00000387,1
1506262351,22161691,3124.85,0.01399748,1
1506262345,22161686,3130.74,0.02226835,0
1506262345,22161685,3124.85,0.02478805,0
1506262343,22161682,3124.85,0.01521195,0
1506262339,22161674,3124.86,0.02705720,0
1506262333,22161670,3130.76,0.05419285,1
1506262332,22161667,3130.76,0.04000000,0
1506262327,22161665,3130.77,0.15483115,0
1506262240,22161620,3130.76,0.26779851,0
1506262239,22161619,3130.76,0.72376941,0
1506262239,22161618,3130.75,0.05000000,0
1506262147,22161526,3130.89,0.23166087,0
1506262124,22161457,3137.10,0.01219116,0
1506262122,22161451,3130.89,0.09847213,0
1506262122,22161450,3130.29,0.24938639,0
1506262122,22161448,3130.90,0.02932906,1
1506262121,22161447,3136.39,0.04299852,1
1506262121,22161446,3137.20,0.29785852,1
1506262121,22161443,3137.19,0.05000000,0
1506262120,22161438,3136.39,0.30486000,0
1506262118,22161436,3130.90,0.34785852,1
1506262115,22161435,3136.39,0.30485852,1
1506262115,22161434,3137.20,0.34785852,0
1506262114,22161433,3136.39,0.04300000,0
1506262113,22161432,3137.20,0.34785852,0
1506262111,22161430,3130.30,0.34785852,0
1506262110,22161427,3130.30,0.34785852,0
1506262109,22161426,3137.20,0.19646977,0
1506262109,22161425,3129.89,0.15138875,0
1506262109,22161422,3130.00,0.12813468,1
1506262108,22161421,3130.00,0.21972384,0
1506262107,22161420,3137.20,0.14787142,1
1506262107,22161417,3130.00,0.13998710,0
1506262106,22161416,3129.89,0.06000000,0
1506262104,22161413,3129.90,0.13562024,0
1506262103,22161412,3129.90,0.34785852,0
1506262102,22161409,3127.60,0.21223828,0
1506262101,22161402,3129.90,0.34785852,0
1506262101,22161400,3129.90,0.14785852,0
1506262100,22161399,3127.60,0.20000000,0
1506262099,22161397,3129.89,0.34785852,0
1506262099,22161396,3129.89,0.04762629,0
1506262098,22161395,3129.89,0.21232318,0
1506262097,22161394,3127.63,0.30023223,0
1506262096,22161393,3127.60,0.13553534,0
1506262078,22161354,3117.56,0.04792400,1
1506262077,22161349,3128.00,0.00003999,1
1506262024,22161279,3130.00,0.05000000,0
1506262022,22161273,3128.00,0.09996001,1
1506262012,22161262,3130.00,7.32553224,1
1506261905,22161202,3139.38,0.07307510,0
1506261903,22161200,3139.38,0.10643778,0
1506261845,22161174,3140.29,0.02922342,0
1506261824,22161165,3140.43,0.02575825,0
1506261773,22161150,3140.55,0.01047906,0
1506261765,22161146,3140.89,0.03057543,0
1506261744,22161125,3140.64,0.02706300,0
1506261707,22161103,3130.00,0.93746776,1
1506261705,22161102,3133.00,0.11800000,1
1506261676,22161100,3140.76,0.00806167,0
1506261646,22161081,3140.80,0.02960657,0
1506261617,22161075,3130.00,0.27200000,1
1506261605,22161069,3137.58,0.82436757,0
1506261508,22161026,3140.99,0.01076948,0
1506261507,22161019,3140.99,0.10003534,0
1506261507,22161017,3140.99,0.18203405,0
1506261485,22161004,3140.99,0.14608451,0
1506261483,22160999,3140.99,0.02997117,0
1506261423,22160980,3140.64,0.00508176,0
1506261416,22160975,3141.00,3.09042815,1
1506261415,22160971,3140.65,0.07513414,1
1506261414,22160970,3140.65,0.01165884,0
1506261385,22160965,3140.67,0.03844022,0
1506261385,22160964,3140.65,0.02331768,0
1506261367,22160954,3140.69,0.02641229,0
1506261366,22160953,3140.69,0.04663535,0
1506261279,22160873,3130.74,0.08141911,1
1506261278,22160870,3131.08,0.01108243,1
1506261247,22160791,3140.92,0.77449326,0
1506261247,22160790,3140.91,0.07000000,0
1506261245,22160788,3140.92,0.06341824,0
1506261244,22160785,3140.92,0.02997088,0
1506261224,22160761,3131.08,0.01800000,1
1506261205,22160760,3140.99,0.14844326,0
1506261186,22160759,3140.88,0.01468570,0
1506261124,22160679,3140.92,0.01830123,0
1506261119,22160678,3140.91,0.63300000,0
1506261109,22160670,3140.93,1.00000000,0
1506261064,22160630,3140.96,0.07756738,0
1506261001,22160620,3140.97,0.07804449,0
1506260946,22160586,3141.00,0.04786420,0
1506260946,22160585,3140.99,0.02965640,0
1506260944,22160584,3140.99,0.01829570,0
1506260918,22160564,3142.72,0.06285662,0
1506260821,22160535,3143.46,0.00919890,0
1506260808,22160533,3130.41,0.23771135,1
1506260777,22160505,3143.64,0.09051600,0
1506260777,22160504,3143.64,0.10000000,0
1506260764,22160484,3143.66,0.01541947,0
1506260743,22160477,3143.71,0.03030668,0
1506260741,22160476,3143.73,0.15323908,0
1506260704,22160467,3143.85,0.34616387,0
1506260667,22160462,3144.00,0.85014239,0
1506260651,22160455,3144.27,1.75368081,0
1506260651,22160454,3141.00,0.00329624,0
1506260651,22160453,3140.00,0.24302295,0
1506260647,22160450,3140.00,0.07306369,0
1506260628,22160445,3140.00,0.09521624,0
1506260628,22160444,3140.00,0.00254777,0
1506260628,22160443,3139.99,0.11000000,0
1506260628,22160442,3139.95,0.03605330,0
1506260628,22160441,3139.00,0.31563094,0
1506260628,22160440,3138.40,0.10000000,0
1506260628,22160439,3138.37,0.34055175,0
1506260608,22160435,3138.37,0.60510254,0
1506260388,22160359,3138.93,0.01575378,0
1506260304,22160338,3128.90,0.01899436,1
1506260287,22160294,3139.00,0.13978655,0
1506260285,22160291,3138.99,0.00638740,0
1506260274,22160288,3138.96,0.00651449,0
1506260247,22160274,3138.88,0.03207744,0
1506260186,22160258,3139.00,0.02161917,0
1506260184,22160255,3134.10,0.04327222,1
1506260163,22160228,3130.00,3.09926839,0
1506260159,22160219,3132.76,6.96000000,1
1506260159,22160218,3132.77,0.40000000,1
1506260159,22160217,3132.80,0.84073161,1
1506260124,22160182,3139.00,0.02296334,0
1506260124,22160181,3135.00,0.28471249,0
1506260003,22160080,3125.93,0.02580209,1
1506259991,22160050,3130.00,1.09167500,0
1506259974,22160034,3120.25,0.04867939,1
1506259967,22160026,3120.27,0.00843079,1
1506259946,22160014,3129.76,0.00926870,0
1506259925,22160002,3129.80,0.02932136,0
1506259865,22159985,3118.47,0.15435687,1
1506259726,22159940,3129.96,0.07771295,0
1506259685,22159920,3129.93,0.02932014,0
1506259673,22159913,3129.95,0.04198105,0
1506259661,22159910,3129.97,0.03003093,0
1506259468,22159859,3129.98,0.01374507,0
1506259466,22159858,3129.98,0.00939780,0
1506259386,22159826,3131.99,3.00398197,0
1506259386,22159825,3131.98,0.15000000,0
1506259379,22159822,3131.99,0.00650859,0
1506259333,22159808,3132.73,0.07233135,0
1506259326,22159805,3132.74,0.07323302,0
1506259325,22159802,3132.74,0.02929384,0
1506259266,22159781,3132.95,0.15472627,0
1506259245,22159773,3132.97,0.01304099,0
1506259184,22159749,3133.81,0.01502947,0
1506259160,22159729,3134.60,0.69330696,1
1506259160,22159727,3134.56,0.20000000,0
1506259159,22159725,3134.49,0.01231260,0
1506259159,22159724,3134.00,0.50000000,0
1506259159,22159722,3133.85,0.80322492,1
1506259158,22159718,3133.83,0.40315363,0
1506259137,22159703,3134.60,0.23771135,0
1506259124,22159693,3134.60,0.13879068,0
1506259124,22159692,3134.60,0.13912202,0
1506259124,22159691,3134.60,0.12668405,0
1506259124,22159690,3134.60,0.00695766,0
1506259124,22159689,3134.60,0.06280223,0
1506259123,22159688,3134.56,0.02098599,0
1506259123,22159687,3134.57,0.12128984,0
1506259098,22159680,3135.00,0.72625837,0
1506259098,22159679,3134.48,0.61563240,0
1506259096,22159678,3134.00,0.25000000,0
1506259095,22159676,3123.91,0.00551504,1
1506259093,22159673,3123.93,0.02017478,1
1506259091,22159665,3133.92,0.17880125,0
1506259089,22159659,3133.99,0.01353600,0
1506259087,22159656,3133.94,0.13235058,0
1506259086,22159654,3133.88,0.03013524,0
1506259070,22159634,3134.68,0.00635726,0
1506259054,22159629,3135.00,0.14586404,0
1506259053,22159628,3135.00,0.14421560,0
1506259053,22159627,3135.00,0.25660353,0
1506259053,22159626,3135.00,0.36557436,0
1506259053,22159625,3135.00,0.39547950,0
1506259053,22159624,3135.00,0.20590399,0
1506259053,22159623,3135.00,0.05874400,0
1506259052,22159622,3134.99,0.13806608,0
1506259051,22159621,3134.99,0.26576554,0
1506259051,22159620,3133.08,0.05000192,0
1506259051,22159619,3131.91,0.10303314,0
1506259051,22159618,3131.91,0.12289819,0
1506259050,22159617,3131.91,0.05339267,0
1506259050,22159616,3130.00,0.04949471,0
1506259050,22159615,3130.00,0.00255591,0
1506259050,22159614,3129.00,0.15077012,0
1506259015,22159591,3129.00,0.40360318,0
1506259015,22159590,3129.00,0.04562670,0
1506259015,22159589,3123.90,0.03474412,0
1506259014,22159588,3123.80,0.05242586,0
1506258983,22159573,3123.80,0.01025000,0
1506258965,22159552,3123.80,0.01512232,0
1506258944,22159543,3123.80,0.17220182,0
1506258924,22159532,3123.89,0.01351485,0
1506258901,22159519,3123.90,0.01399032,0
1506258900,22159518,3120.00,0.00229467,0
1506258877,22159492,3113.71,0.15360231,1
1506258863,22159482,3120.00,0.00026943,0
1506258863,22159481,3119.66,0.00643885,0
1506258863,22159480,3119.10,0.02347478,0
1506258853,22159476,3119.10,0.03325634,0
1506258852,22159474,3119.10,0.06324441,0
1506258846,22159469,3119.10,0.01532887,0
1506258792,22159452,3119.10,0.00170000,0
1506258725,22159435,3119.04,0.04535000,0
1506258705,22159426,3119.10,0.01550968,0
1506258702,22159425,3103.71,0.78233333,1
1506258702,22159424,3103.72,0.41000000,1
1506258702,22159423,3108.01,0.17822224,1
1506258702,22159422,3108.19,0.17206376,1
1506258607,22159340,3119.06,0.03001228,0
1506258546,22159253,3118.58,0.06491414,0
1506258493,22159219,3119.10,0.01205352,0
1506258493,22159218,3116.70,0.00636519,0
1506258491,22159216,3116.10,0.00483129,0
1506258476,22159200,3116.10,0.02697439,0
1506258476,22159198,3114.63,0.00482561,0
1506258455,22159170,3112.61,0.49080000,1
1506258448,22159169,3116.10,0.02947637,0
1506258448,22159168,3116.10,0.06720080,0
1506258448,22159167,3115.23,0.00332283,0
1506258446,22159166,3112.37,0.04065900,1
1506258385,22159072,3114.63,0.02684517,0
1506258378,22159065,3114.61,0.20000000,0
1506258350,22159002,3106.80,0.03868911,1
1506258349,22159001,3106.81,0.00845909,1
1506258346,22158992,3106.81,0.06654091,0
1506258343,22158989,3106.80,0.39496097,1
1506258343,22158988,3102.40,0.11816658,1
1506258342,22158986,3105.00,0.00000477,1
1506258339,22158978,3108.62,0.00983325,1
1506258338,22158977,3108.62,0.06972226,0
1506258336,22158968,3106.80,0.38563796,1
1506258319,22158926,3115.20,0.01272276,0
1506258319,22158925,3110.00,0.00257235,0
1506258319,22158924,3108.63,0.03641081,0
1506258317,22158920,3108.62,0.01801900,0
1506258307,22158904,3105.00,0.03081482,1
1506258304,22158902,3105.06,0.01144823,0
1506258303,22158901,3105.00,0.00045032,1
1506258303,22158900,3105.03,0.15371807,1
1506258301,22158896,3105.06,0.00901977,0
1506258292,22158889,3104.52,0.93254724,0
1506258292,22158888,3104.51,0.03618285,0
1506258269,22158867,3104.52,0.03910532,0
1506258267,22158864,3104.52,0.45967145,0
1506258267,22158863,3102.00,0.05030000,0
1506258267,22158862,3101.99,0.10731311,0
1506258184,22158818,3101.99,0.01231702,0
1506258144,22158785,3098.12,0.02587459,1
1506258120,22158768,3098.01,0.06910888,1
1506258103,22158748,3098.03,0.03852163,1
1506258081,22158722,3097.86,0.01925523,1
1506258068,22158698,3104.52,0.20000000,0
1506258044,22158684,3104.42,0.15726028,0
1506258021,22158675,3104.27,0.06318144,0
1506257985,22158648,3096.17,0.32712022,1
1506257985,22158647,3096.21,0.11963497,1
1506257963,22158629,3104.47,0.01692780,0
1506257950,22158622,3104.50,0.01000000,1
1506257939,22158614,3096.24,0.38528762,1
1506257937,22158613,3104.49,0.00420747,0
1506257924,22158598,3104.52,0.00160411,0
1506257912,22158573,3104.49,0.01156712,0
1506257883,22158556,3104.46,0.01795000,0
1506257807,22158495,3096.12,0.24282004,1
1506257656,22158439,3097.07,0.00201060,1
1506257641,22158437,3104.49,0.03154215,0
1506257605,22158409,3104.49,0.06426176,0
1506257487,22158364,3094.85,0.06000000,0
1506257472,22158357,3104.52,0.12656803,0
1506257472,22158356,3104.52,0.64954931,0
1506257471,22158355,3099.99,0.22328768,0
1506257471,22158354,3099.99,0.22741301,0
1506257453,22158353,3094.71,0.22000000,1
1506257413,22158341,3096.02,0.03182951,0
1506257373,22158318,3096.10,0.01612775,0
1506257373,22158316,3096.10,0.01982039,0
1506257262,22158269,3104.52,0.03168213,0
1506257254,22158267,3095.28,0.00811901,1
1506257241,22158266,3104.52,1.58424694,0
1506257222,22158234,3104.52,0.08058162,0
1506257177,22158193,3104.52,0.03168297,0
1506257150,22158175,3104.52,0.01546989,0
1506257105,22158143,3104.52,0.02963421,0
1506257104,22158141,3104.49,0.04281425,0
1506257055,22158085,3094.13,0.04886870,1
1506257046,22158076,3104.52,0.02400976,0
1506256926,22158035,3104.44,0.02956089,0
1506256873,22158021,3104.50,0.00373566,0
1506256871,22158020,3103.44,0.00161434,0
1506256847,22158003,3102.68,0.04762627,0
1506256844,22158002,3102.69,0.31479060,0
1506256804,22157964,3102.95,0.04404976,0
1506256784,22157944,3092.29,0.44188118,1
1506256714,22157914,3103.21,0.00814760,0
1506256670,22157891,3103.27,0.01609618,0
1506256669,22157890,3103.28,0.03133464,0
1506256667,22157889,3103.28,0.03115592,0
1506256665,22157888,3103.29,0.01568049,0
1506256646,22157883,3103.31,0.12678423,0
1506256561,22157836,3103.44,0.15974373,0
1506256511,22157828,3103.51,0.31604610,0
1506256374,22157784,3103.73,0.02325000,0
1506256349,22157781,3103.76,0.03183470,0
1506256348,22157780,3103.77,0.28062742,0
1506256323,22157778,3103.80,0.00901390,0
1506256285,22157770,3103.88,0.38478739,0
1506256285,22157769,3103.87,0.20000000,0
1506256190,22157739,3104.03,0.03182961,0
1506256129,22157722,3104.12,0.15360231,0
1506256101,22157713,3104.15,0.01003374,0
1506256084,22157701,3104.18,0.79105473,0
1506256084,22157700,3104.17,0.01185159,0
1506256039,22157690,3104.26,0.02180108,0
1506256039,22157689,3104.26,0.02370319,0
1506255971,22157673,3104.52,0.01288188,0
1506255964,22157663,3104.50,0.03154195,0
1506255921,22157643,3104.41,0.01205635,0
1506255906,22157640,3104.47,0.02956060,1
1506255904,22157638,3093.20,0.30439614,1
1506255904,22157637,3097.12,0.02034942,1
1506255904,22157636,3097.13,0.06081769,1
1506255886,22157620,3104.46,0.01552483,0
1506255804,22157587,3104.50,0.01205624,0
1506255764,22157565,3104.51,0.03336621,0
1506255734,22157552,3104.46,0.09536180,0
1506255723,22157539,3104.48,0.04736264,0
1506255706,22157537,3104.51,0.12965581,0
1506255661,22157521,3097.68,0.03777494,1
1506255552,22157472,3097.21,0.00256099,1
1506255552,22157471,3097.21,0.00256099,1
1506255551,22157470,3097.27,0.00256099,1
1506255544,22157461,3104.52,0.05333067,0
1506255544,22157460,3104.49,0.10394428,0
1506255541,22157458,3104.52,0.18807416,0
1506255461,22157433,3097.11,0.05214031,1
1506255461,22157432,3100.00,0.00001290,1
1506255446,22157423,3104.52,0.16436031,0
1506255405,22157405,3104.46,0.03154337,0
1506255384,22157387,3104.50,0.03049251,0
1506255384,22157386,3104.48,0.01028836,0
1506255374,22157378,3104.48,0.01029000,1
1506255373,22157377,3104.48,0.04925000,0
1506255355,22157376,3100.00,0.03298710,1
1506255205,22157333,3103.66,0.02692401,0
1506255084,22157262,3104.07,0.03488789,0
1506254967,22157202,3104.41,0.02975918,0
1506254925,22157187,3104.52,0.00892000,0
1506254845,22157169,3104.88,0.15092937,0
1506254843,22157168,3104.89,0.00298492,0
1506254838,22157165,3104.90,0.01290000,0
1506254787,22157157,3104.99,0.01537449,0
1506254690,22157149,3105.16,0.00910000,0
1506254631,22157133,3106.29,1.00000000,0
1506254631,22157132,3106.20,2.00000000,0
1506254563,22157117,3106.79,0.06081769,0
1506254525,22157103,3107.10,0.06204231,0
1506254524,22157102,3107.19,0.08161000,0
1506254487,22157094,3103.91,0.63658554,0
1506254444,22157079,3103.00,0.12680770,0
1506254444,22157078,3100.63,0.02994160,0
1506254405,22157062,3100.63,0.00162000,0
1506254366,22157050,3100.58,0.00321553,0
1506254324,22157031,3099.00,0.01559571,0
1506254265,22157008,3098.44,0.03031086,0
1506254264,22157007,3098.43,0.01945000,0
1506254210,22156999,3098.63,1.12474200,0
1506254205,22156998,3098.65,0.16112789,0
1506254172,22156996,3099.72,0.01289072,0
1506254166,22156995,3099.80,0.14801661,0
1506254159,22156993,3092.55,0.00078071,1
1506254158,22156992,3092.90,0.24346784,1
1506254146,22156990,3100.56,0.10725830,0
1506254108,22156983,3092.90,0.28646847,1
1506254108,22156982,3093.00,0.08000000,1
1506254108,22156981,3093.01,0.10000000,1
1506254103,22156971,3101.39,0.00894404,0
1506254092,22156965,3101.43,0.00340780,0
1506254017,22156956,3102.75,0.12055640,0
1506253934,22156944,3104.23,0.03025000,0
1506253905,22156934,3104.80,0.01814055,0
1506253870,22156929,3105.39,0.00200000,0
1506253863,22156925,3100.00,0.00217276,1
1506253863,22156922,3100.00,0.30000000,1
1506253853,22156903,3100.00,0.19705324,1
1506253852,22156902,3105.60,0.00170000,0
1506253840,22156896,3105.68,0.00200000,1
1506253832,22156894,3105.67,0.00200000,1
1506253823,22156892,3100.00,0.99600000,1
1506253823,22156891,3105.57,0.00400000,1
1506253822,22156890,3105.67,0.01416170,0
1506253804,22156889,3105.70,0.03031145,0
1506253800,22156888,3105.47,0.00170000,0
1506253779,22156887,3100.00,0.11335069,1
1506253750,22156874,3105.47,0.22549996,0
1506253711,22156820,3100.03,0.13724061,1
1506253646,22156804,3105.63,0.03115451,0
1506253604,22156790,3093.67,0.03335446,1
1506253585,22156789,3102.91,0.01548113,0
1506253561,22156780,3103.16,0.02796100,0
1506253543,22156779,3103.24,0.27023139,0
1506253467,22156756,3104.60,0.01002800,0
1506253466,22156755,3104.60,0.10000000,0
1506253465,22156754,3104.57,0.01231060,0
1506253385,22156740,3108.44,0.02952285,0
1506253367,22156731,3108.53,0.04760828,0
1506253364,22156729,3108.58,0.31435615,0
1506253345,22156724,3108.37,0.00340465,0
1506253321,22156723,3094.12,0.02400000,1
1506253316,22156722,3105.35,0.02350000,1
1506253224,22156694,3107.35,0.03005216,0
1506253125,22156673,3105.35,0.10938936,0
1506253009,22156585,3092.62,0.01572566,0
1506253005,22156584,3093.00,0.00800000,1
1506252961,22156542,3107.14,0.00170000,0
1506252852,22156506,3092.62,0.15543529,1
1506252852,22156505,3092.62,0.22404610,1
1506252852,22156504,3092.67,0.15524469,1
1506252770,22156454,3108.57,0.04827602,0
1506252770,22156452,3105.81,0.00381708,1
1506252769,22156451,3105.81,0.02557945,1
1506252769,22156450,3105.81,0.00646684,0
1506252768,22156449,3103.81,0.01140882,0
1506252706,22156419,3097.67,0.36666733,1
1506252704,22156413,3097.73,0.08195118,1
1506252689,22156410,3100.00,0.90338700,0
1506252689,22156409,3099.96,1.97304576,0
1506252684,22156407,3099.96,0.01512534,0
1506252673,22156402,3099.96,0.01606298,0
1506252672,22156401,3097.70,0.18332639,1
1506252669,22156399,3097.67,0.18332639,1
1506252666,22156396,3099.96,0.01494183,0
1506252665,22156394,3097.67,0.18332639,1
1506252662,22156393,3092.22,0.18332639,1
1506252659,22156385,3092.25,0.18332639,1
1506252655,22156380,3092.25,0.18332639,1
1506252655,22156379,3099.96,0.11096479,0
1506252652,22156377,3092.25,0.17565278,1
1506252652,22156375,3092.25,0.00767361,1
1506252651,22156367,3092.21,0.02232639,0
1506252649,22156366,3092.25,0.16100000,1
1506252644,22156364,3092.24,0.18332639,1
1506252640,22156363,3092.21,0.18332639,1
1506252638,22156361,3092.18,0.03302430,0
1506252636,22156360,3092.20,0.15030209,1
1506252633,22156358,3092.20,0.18332639,1
1506252630,22156357,3092.20,0.00304513,1
1506252629,22156356,3092.20,0.18332639,1
1506252625,22156355,3092.20,0.18332639,1
1506252624,22156353,3092.20,0.00304513,1
1506252621,22156352,3092.23,0.18332639,1
1506252617,22156351,3092.21,0.00304513,1
1506252612,22156349,3099.96,0.01568210,0
1506252612,22156348,3099.96,0.02197420,0
1506252610,22156345,3092.21,0.00304513,1
1506252608,22156344,3099.96,0.73220300,0
1506252604,22156341,3092.20,0.00304513,1
1506252597,22156337,3097.52,0.00304513,1
1506252590,22156331,3097.52,0.00304513,1
1506252583,22156322,3097.55,0.00304513,1
1506252577,22156316,3092.19,0.00304513,1
1506252571,22156314,3099.96,0.31760984,0
1506252570,22156313,3092.19,0.00304513,1
1506252563,22156312,3092.19,0.00304513,1
1506252556,22156310,3092.19,0.00304513,1
1506252551,22156304,3100.00,0.00018200,0
1506252551,22156303,3099.42,0.26063400,0
1506252549,22156302,3092.21,0.00304513,1
1506252543,22156294,3093.00,0.00104513,0
1506252542,22156293,3093.00,0.00200000,1
1506252536,22156285,3093.03,0.00304513,1
1506252521,22156284,3099.32,0.75411200,0
1506252492,22156283,3099.44,0.00168000,0
1506252485,22156282,3099.42,0.29930761,0
1506252464,22156275,3099.46,0.00170000,0
1506252461,22156274,3099.50,0.03936600,0
1506252443,22156268,3099.50,0.00200000,0
1506252437,22156266,3099.48,0.06452695,0
1506252420,22156262,3099.69,0.00200000,0
1506252346,22156206,3099.49,0.15651493,0
1506252344,22156205,3099.49,0.00902591,0
1506252240,22156178,3092.10,0.07988227,1
1506252229,22156172,3099.58,0.07960984,1
1506252222,22156167,3092.10,0.23033734,0
1506252222,22156166,3093.00,0.00500000,1
1506252220,22156162,3093.50,0.00700000,1
1506252207,22156157,3093.56,0.22186622,1
1506252196,22156151,3099.88,0.22108811,1
1506252196,22156150,3099.88,0.10069854,0
1506252151,22156115,3093.53,0.10069854,1
1506252139,22156110,3099.88,0.13497909,1
1506252138,22156109,3099.88,0.16674504,0
1506252124,22156101,3100.00,0.08064516,0
1506252124,22156100,3093.53,0.07963782,1
1506252119,22156098,3096.00,0.04873444,1
1506252087,22156085,3099.99,0.01669029,0
1506252085,22156084,3100.00,0.01578584,0
1506252070,22156078,3099.97,0.25347342,1
1506252068,22156077,3099.00,0.00395117,0
1506252004,22156035,3099.00,0.02746612,0
1506251999,22156023,3092.04,0.03940926,1
1506251994,22156022,3092.07,0.01915682,1
1506251992,22156017,3092.07,0.20000000,1
1506251988,22156013,3092.04,0.20964658,1
1506251986,22156010,3092.07,0.08710722,1
1506251978,22155996,3099.00,0.03218458,0
1506251978,22155995,3099.00,1.90004594,0
1506251969,22155979,3099.00,0.03218780,0
1506251968,22155978,3099.00,0.06776626,0
1506251967,22155977,3098.99,0.02378000,0
1506251948,22155948,3092.41,0.12209048,0
1506251937,22155919,3092.41,0.09676919,0
1506251843,22155810,3081.68,0.21700000,1
1506251824,22155803,3092.41,0.01495000,0
1506251822,22155802,3098.38,0.05458890,0
1506251821,22155801,3095.18,0.13412623,0
1506251821,22155800,3092.42,0.03000000,0
1506251819,22155799,3092.41,0.03910394,0
1506251761,22155780,3083.32,0.04170300,0
1506251761,22155779,3083.32,0.00721637,0
1506251723,22155775,3083.32,0.01622763,0
1506251706,22155756,3079.32,0.13114200,1
1506251705,22155755,3083.32,0.01060662,0
1506251700,22155747,3083.32,0.00830000,0
1506251603,22155730,3083.32,0.01495000,0
1506251586,22155728,3083.32,0.01213937,0
1506251584,22155727,3083.32,0.01133463,0
1506251584,22155726,3083.31,0.01919614,0
1506251465,22155696,3083.36,0.08080306,0
1506251464,22155695,3083.32,0.06999275,1
1506251464,22155694,3083.32,0.20716834,0
1506251447,22155689,3083.36,0.04949471,0
1506251445,22155688,3083.33,0.02166825,0
1506251427,22155681,3073.15,0.00300000,0
1506251407,22155678,3083.33,0.00929258,0
1506251379,22155667,3083.26,0.00300000,0
1506251374,22155662,3073.02,0.08143233,1
1506251301,22155645,3083.01,0.12730725,0
1506251256,22155642,3072.60,0.01703979,0
1506251255,22155641,3072.60,0.02163756,0
1506251132,22155619,3081.50,0.00501494,0
1506251129,22155618,3081.47,0.01510673,0
1506251101,22155615,3081.48,0.01313614,0
1506251067,22155610,3079.99,0.04006924,0
1506251064,22155608,3070.38,0.10000000,1
1506251061,22155606,3070.38,0.02949343,0
1506251059,22155603,3070.39,0.10891277,1
1506251058,22155601,3070.42,0.38354315,1
1506251050,22155579,3082.99,0.64564270,0
1506251050,22155577,3082.90,2.00000000,1
1506251050,22155576,3082.90,0.35133600,1
1506251050,22155574,3082.88,0.05000000,0
1506251048,22155569,3080.64,0.19036588,0
1506251024,22155548,3080.40,0.01086083,0
1506251018,22155545,3077.80,0.02893302,0
1506251018,22155544,3077.79,0.03490581,0
1506250999,22155541,3080.50,0.17797723,0
1506250967,22155529,3078.28,0.06283666,0
1506250866,22155496,3078.89,0.02980620,0
1506250861,22155494,3078.89,0.24233734,0
1506250839,22155485,3080.48,0.10671453,0
1506250828,22155481,3078.87,0.00200000,0
1506250827,22155480,3080.50,0.09235036,0
1506250827,22155479,3080.50,2.00000000,0
1506250827,22155478,3079.79,0.06000000,0
1506250827,22155477,3078.99,0.01074379,0
1506250827,22155476,3078.88,0.97378678,0
1506250813,22155472,3078.99,0.01074608,1
1506250781,22155459,3078.44,0.00996452,0
1506250766,22155430,3079.00,0.09580937,0
1506250765,22155429,3079.00,0.20000000,0
1506250765,22155428,3077.27,0.01618968,0
1506250751,22155418,3077.27,0.01619355,0
1506250684,22155381,3078.87,0.15559477,0
1506250668,22155366,3070.56,0.13785779,1
1506250664,22155360,3070.45,0.14678957,1
1506250650,22155352,3079.26,0.13791294,0
1506250643,22155348,3070.25,0.53422844,0
1506250642,22155345,3070.25,0.23172469,0
1506250642,22155344,3070.84,0.01156907,1
1506250642,22155343,3070.87,0.22207795,1
1506250640,22155337,3070.84,0.13843093,0
1506250636,22155323,3076.02,0.02379698,1
1506250605,22155291,3077.30,0.06178600,0
1506250604,22155290,3077.24,0.01912289,0
1506250602,22155287,3077.30,0.00002115,1
1506250599,22155284,3077.30,0.05180744,1
1506250598,22155282,3077.31,0.01000000,1
1506250593,22155280,3080.00,0.64600000,1
1506250592,22155278,3080.00,0.00324000,1
1506250592,22155275,3080.00,0.16230000,1
1506250592,22155274,3080.00,0.00162400,1
1506250592,22155273,3080.00,0.22500000,1
1506250592,22155272,3080.00,0.00300000,1
1506250591,22155271,3080.00,4.17469726,1
1506250591,22155270,3080.01,0.22598047,1
1506250591,22155269,3080.02,0.97500000,1
1506250587,22155261,3080.64,1.32413769,1
1506250582,22155257,3080.64,0.17036484,1
1506250582,22155254,3080.68,0.02000000,1
1506250564,22155249,3084.57,0.00944197,0
1506250522,22155239,3089.69,0.03194277,1
1506250520,22155237,3080.79,0.49274856,1
1506250508,22155226,3092.06,0.46004735,1
1506250508,22155225,3092.06,0.03042075,1
1506250507,22155224,3092.06,1.02053190,0
1506250500,22155221,3092.03,0.00500394,0
1506250424,22155202,3092.83,0.03769400,0
1506250366,22155179,3093.79,0.00413509,0
1506250366,22155178,3093.46,0.06084150,0
1506250360,22155176,3093.50,1.80000000,0
1506250321,22155158,3093.88,0.04569649,0
1506250313,22155156,3093.88,0.03199876,0
1506250306,22155154,3093.91,0.01579611,0
1506250305,22155152,3093.89,0.12441478,0
1506250279,22155147,3094.09,0.07941144,0
1506250245,22155133,3094.23,0.10899990,0
1506250229,22155132,3094.27,0.10899990,0
1506250209,22155128,3087.77,0.01789965,1
1506250204,22155126,3093.95,0.00905767,0
1506250183,22155125,3093.61,0.00962846,0
1506250183,22155124,3088.00,0.02085644,0
1506250146,22155118,3087.74,0.17071063,1
1506250145,22155117,3088.00,0.02971826,0
1506250142,22155115,3087.63,0.19937826,0
1506250123,22155110,3087.83,0.02129387,0
1506250086,22155108,3088.00,0.09530115,0
1506250052,22155105,3088.00,0.25412415,0
1506250043,22155097,3080.64,0.01277368,1
1506250042,22155096,3087.70,0.18900844,0
1506250006,22155075,3080.64,0.00500000,1
1506249977,22155045,3080.64,0.34870001,1
1506249975,22155044,3080.87,0.15029999,1
1506249924,22155043,3088.91,0.03656358,0
1506249845,22155002,3089.50,0.02703428,0
1506249829,22155001,3089.51,0.15029999,0
1506249808,22154997,3080.64,0.02369709,1
1506249807,22154996,3080.80,1.07470238,0
1506249806,22154994,3080.83,0.90160053,1
1506249791,22154993,3089.96,0.07974801,0
1506249764,22154986,3080.94,0.07100000,1
1506249722,22154967,3080.85,0.00935137,1
1506249722,22154966,3085.38,0.07453863,1
1506249702,22154924,3091.89,3.03108581,0
1506249701,22154923,3091.87,1.08126504,0
1506249674,22154907,3092.50,1.27003202,0
1506249645,22154885,3089.94,0.04596600,0
1506249619,22154880,3094.79,0.14296460,0
1506249606,22154872,3095.14,0.01236350,0
1506249605,22154871,3087.50,0.00278545,0
1506249604,22154870,3087.50,2.52461188,1
1506249604,22154869,3087.51,1.08260267,1
1506249601,22154867,3095.15,0.12134551,0
1506249590,22154866,3095.16,0.00300000,0
1506249575,22154847,3097.09,1.54022001,1
1506249574,22154846,3095.18,0.07021695,0
1506249524,22154838,3095.08,0.05350293,1
1506249524,22154836,3095.08,0.14043389,1
1506249476,22154823,3094.00,0.00580155,0
1506249465,22154812,3094.09,0.28276335,0
1506249406,22154807,3094.79,0.03103039,0
1506249404,22154806,3094.79,0.06300584,0
1506249368,22154800,3087.50,0.05874400,1
1506249321,22154793,3094.09,0.00904104,0
1506249278,22154786,3094.00,0.06358039,0
1506249244,22154771,3094.39,0.16527871,0
1506249218,22154765,3094.78,0.07948212,0
1506249197,22154764,3094.60,0.06655430,0
1506249166,22154753,3094.67,0.03193074,0
1506249161,22154752,3094.68,0.00779910,0
1506249144,22154749,3094.77,0.03801797,0
1506249109,22154743,3094.25,0.31750877,1
1506249094,22154740,3094.20,0.32237735,0
1506249056,22154717,3094.60,0.31724492,0
1506249032,22154711,3093.88,0.31071353,0
1506249028,22154702,3093.89,0.02999549,0
1506249026,22154699,3094.62,0.02688639,0
1506249003,22154680,3094.11,0.06797712,1
1506248995,22154675,3094.11,0.14033366,1
1506248995,22154674,3095.41,0.00141729,1
1506248973,22154659,3095.41,0.03000000,1
1506248967,22154653,3098.87,0.15461511,0
1506248965,22154652,3098.87,0.15087195,0
1506248964,22154651,3098.87,0.15532998,0
1506248947,22154648,3098.99,0.00902960,0
1506248946,22154645,3098.99,0.00589675,0
1506248946,22154644,3098.98,0.09000000,0
1506248945,22154643,3095.41,0.00644758,0
1506248944,22154641,3095.41,0.00943498,0
1506248916,22154625,3095.41,0.05753340,0
1506248896,22154619,3095.41,0.02330790,0
1506248876,22154610,3098.86,0.11585491,0
1506248874,22154608,3098.86,2.00881937,0
1506248871,22154607,3094.11,0.35112845,1
1506248855,22154599,3098.89,0.10000000,0
1506248803,22154570,3098.95,0.00935589,0
1506248740,22154534,3098.95,0.00643766,0
1506248725,22154533,3098.98,0.01619146,0
1506248723,22154532,3098.98,0.15533566,0
1506248710,22154525,3098.50,0.00165000,0
1506248707,22154522,3098.50,0.12375751,0
1506248707,22154521,3098.49,0.03829112,0
1506248706,22154519,3098.49,0.06170888,0
1506248684,22154512,3098.53,0.07762186,0
1506248624,22154493,3098.63,0.14283169,0
1506248623,22154492,3098.62,0.01249336,0
1506248424,22154456,3098.94,0.08281595,0
1506248424,22154455,3095.00,0.00258481,0
1506248410,22154435,3094.11,0.30266058,0
1506248374,22154432,3094.11,0.31798090,0
1506248335,22154426,3094.11,0.01609605,0
1506248313,22154422,3094.11,0.09531065,0
1506248253,22154390,3094.11,0.05519763,0
1506248253,22154389,3094.10,0.01508971,0
1506248244,22154367,3094.11,0.04991870,0
1506248244,22154365,3094.00,0.10268331,0
1506248224,22154341,3093.99,0.01175000,0
1506248165,22154306,3094.00,0.15576364,0
1506248146,22154286,3094.00,0.02166197,0
1506248104,22154273,3094.00,0.02165000,0
1506248084,22154269,3094.00,0.00928015,0
1506248071,22154262,3094.00,0.32243051,0
1506248068,22154261,3094.00,0.06975500,0
1506247985,22154203,3094.00,0.08360453,0
1506247985,22154202,3093.97,0.07197853,0
1506247945,22154176,3093.98,1.00000000,0
1506247884,22154136,3093.56,0.00905062,0
1506247841,22154119,3093.64,0.23527142,0
1506247826,22154108,3093.67,0.00893693,0
1506247812,22154106,3093.69,0.01609288,0
1506247785,22154103,3093.74,0.00200000,0
1506247749,22154065,3093.81,0.05010751,0
1506247701,22154047,3093.91,0.00049516,0
1506247701,22154046,3092.50,0.00893593,0
1506247626,22154031,3092.50,0.03225546,0
1506247603,22154021,3092.50,0.04418425,0
1506247584,22154016,3085.38,0.01199195,1
1506247525,22154002,3092.66,0.01362815,0
1506247478,22153969,3092.81,0.00645044,0
1506247452,22153965,3092.89,0.00817392,0
1506247399,22153944,3093.04,0.48687416,1
1506247398,22153943,3093.04,0.41312584,0
1506247383,22153937,3081.95,0.23000000,1
1506247382,22153936,3081.95,0.10000000,1
1506247369,22153928,3081.67,0.00195907,1
1506247369,22153927,3081.67,0.00256099,1
1506247369,22153926,3081.67,0.00166361,1
1506247369,22153925,3085.57,0.00094488,1
1506247368,22153924,3085.57,0.00260849,1
1506247324,22153895,3093.47,0.05337689,0
1506247266,22153877,3093.88,0.02966178,0
1506247151,22153836,3093.93,0.06679095,0
1506247151,22153835,3093.93,0.01025000,0
1506247094,22153803,3094.06,1.00000000,0
1506247072,22153796,3094.07,1.00000000,0
1506247066,22153794,3094.07,0.13304773,0
1506247058,22153790,3094.08,0.12099150,0
1506247058,22153788,3085.57,0.11670573,0
1506247052,22153775,3085.57,0.12188545,0
1506247048,22153768,3085.57,0.01140882,1
1506246929,22153723,3093.95,0.11729263,0
1506246924,22153722,3093.97,0.06302172,0
1506246919,22153720,3086.63,0.11768000,1
1506246918,22153718,3086.63,0.03230000,1
1506246917,22153717,3087.00,0.03232000,1
1506246905,22153705,3093.96,0.03042588,0
1506246905,22153702,3093.96,0.02966101,0
1506246904,22153700,3093.96,0.12205902,0
1506246894,22153697,3093.96,0.03193750,0
1506246848,22153683,3093.93,0.10000000,0
1506246827,22153677,3093.91,0.02581425,0
1506246826,22153676,3093.96,0.01269405,0
1506246824,22153675,3093.96,0.02808516,0
1506246824,22153674,3093.64,0.00356516,0
1506246784,22153673,3087.13,0.01433162,1
1506246784,22153672,3087.15,0.02041514,1
1506246724,22153658,3093.64,0.01667483,0
1506246645,22153640,3093.92,0.04556652,0
1506246571,22153628,3094.06,0.04823200,1
1506246488,22153612,3094.11,0.08276364,0
1506246452,22153582,3094.11,0.02243003,0
1506246382,22153565,3094.11,0.00342460,0
1506246363,22153562,3094.11,0.03042440,0
1506246361,22153560,3094.08,0.09530727,0
1506246304,22153547,3094.11,0.00904282,0
1506246230,22153536,3094.08,0.00322228,0
1506246210,22153530,3094.08,0.04778048,0
1506246191,22153526,3094.08,0.31711064,0
1506246163,22153506,3094.08,0.01475000,0
1506246140,22153502,3094.08,0.02580462,0
1506246081,22153490,3094.11,0.01475000,0
1506246064,22153483,3094.08,0.01720123,0
1506246003,22153466,3094.08,0.02130201,0
1506245936,22153451,3094.05,0.03199186,0
1506245854,22153436,3084.03,0.40000000,1
1506245843,22153424,3083.84,0.10006723,1
1506245792,22153411,3094.10,0.00990927,0
1506245790,22153405,3088.33,0.03002205,0
1506245651,22153356,3088.33,0.06362172,0
1506245564,22153330,3083.56,0.12905975,1
1506245547,22153329,3088.33,0.04769151,0
1506245447,22153319,3094.10,0.06093892,0
1506245447,22153318,3091.95,0.04409500,0
1506245447,22153317,3091.95,0.01706696,0
1506245445,22153316,3091.92,0.04665848,0
1506245409,22153313,3081.25,0.01000000,1
1506245402,22153307,3091.92,0.02645626,0
1506245368,22153306,3092.08,0.03986667,0
1506245289,22153295,3092.81,0.15867898,0
1506245165,22153271,3094.03,0.14830173,0
1506245143,22153269,3094.09,0.00903911,0
1506245122,22153264,3094.28,0.04191410,0
1506245046,22153243,3094.77,0.29975733,0
1506245042,22153240,3094.83,0.10636125,0
1506245019,22153235,3094.84,0.07726889,0
1506244983,22153232,3095.03,0.03144947,0
1506244843,22153206,3080.81,0.06068787,1
1506244747,22153182,3095.39,0.13660009,1
1506244747,22153181,3095.39,0.04306578,1
1506244747,22153180,3092.24,0.07289704,0
1506244746,22153175,3091.94,0.50536882,1
1506244744,22153173,3092.00,0.03129076,0
1506244712,22153155,3080.10,0.10007000,1
1506244612,22153111,3080.01,0.07567310,1
1506244611,22153107,3080.01,0.12801900,1
1506244610,22153105,3080.01,0.14229599,1
1506244608,22153099,3080.01,0.07575660,1
1506244607,22153098,3080.04,0.12801600,1
1506244505,22153064,3089.24,0.03360492,0
1506244504,22153063,3080.24,0.01611453,1
1506244467,22153055,3090.29,0.03148161,0
1506244444,22153044,3090.67,0.03043562,0
1506244404,22153009,3091.49,0.06313755,0
1506244383,22153000,3091.63,0.02423263,0
1506244360,22152983,3080.48,0.71496256,1
1506244350,22152979,3083.10,1.00000000,0
1506244348,22152978,3080.33,0.01505175,0
1506244341,22152973,3080.00,0.04081954,1
1506244317,22152961,3080.33,0.97960692,0
1506244317,22152960,3080.31,0.02039308,0
1506244295,22152951,3080.00,0.67586078,1
1506244294,22152950,3080.02,0.25520791,1
1506244257,22152891,3080.33,0.01000000,0
1506244238,22152871,3080.73,0.02987820,1
1506244224,22152852,3092.00,0.00904028,0
1506244222,22152851,3092.00,0.00200000,0
1506244175,22152834,3092.20,0.05000000,0
1506244166,22152824,3093.42,0.26437729,0
1506244166,22152823,3092.32,0.00259503,0
1506244165,22152822,3092.24,0.32196368,0
1506244104,22152799,3092.87,0.01117637,0
1506244073,22152797,3093.17,0.58738478,0
1506244004,22152767,3094.03,0.05890894,0
1506243989,22152763,3094.59,0.02395749,0
1506243926,22152738,3095.79,0.03368566,0
1506243904,22152729,3095.86,0.02056325,0
1506243885,22152727,3096.30,0.02985987,0
1506243864,22152725,3096.95,0.06424439,0
1506243843,22152716,3080.40,0.02655252,1
1506243828,22152712,3097.70,0.04806817,0
1506243770,22152704,3087.00,0.03200874,0
1506243745,22152679,3080.02,0.06083966,1
1506243736,22152677,3080.02,0.00779183,1
1506243724,22152668,3087.00,0.02122859,0
1506243662,22152612,3080.03,0.37897000,0
1506243653,22152605,3080.02,0.01986490,1
1506243652,22152604,3080.02,0.02814780,1
1506243649,22152599,3080.02,0.02814790,1
1506243613,22152580,3087.00,0.15936644,0
1506243591,22152576,3087.00,0.50837339,0
1506243555,22152566,3087.00,0.13197665,0
1506243516,22152547,3087.00,0.04750566,0
1506243484,22152545,3087.00,0.01103195,0
1506243484,22152544,3086.98,0.01112944,0
1506243478,22152543,3080.13,0.03990160,1
1506243409,22152503,3080.03,0.00223316,0
1506243406,22152502,3084.97,0.00646684,1
1506243376,22152482,3085.19,0.00766000,0
1506243373,22152475,3085.00,0.96408104,0
1506243358,22152438,3096.97,0.01158799,0
1506243358,22152437,3085.35,0.01922000,0
1506243358,22152436,3085.20,0.00920900,0
1506243350,22152432,3085.20,0.02500000,0
1506243304,22152389,3097.20,0.01572839,0
1506243290,22152383,3097.27,0.01417054,0
1506243257,22152377,3085.12,0.01800000,1
1506243245,22152375,3097.52,0.15728553,0
1506243224,22152372,3097.63,0.03135586,0
1506243108,22152350,3097.71,0.99979347,0
1506243103,22152349,3097.72,0.02589805,0
1506243099,22152347,3097.73,2.72697767,0
1506243098,22152346,3097.65,0.22546810,0
1506243098,22152345,3097.65,0.02060857,0
1506243098,22152344,3097.63,0.02553243,0
1506243098,22152343,3097.61,0.07649400,0
1506243098,22152342,3097.60,0.09000000,0
1506243088,22152340,3097.63,0.02553503,0
1506243084,22152338,3084.98,0.02060857,1
1506243079,22152337,3085.26,0.25009240,1
1506242909,22152297,3102.10,0.80389414,0
1506242866,22152288,3102.67,0.01923728,0
1506242866,22152287,3102.67,0.01550565,0
1506242799,22152273,3103.29,0.03171832,0
1506242799,22152272,3098.38,0.00000115,0
1506242792,22152270,3098.38,0.00643885,1
1506242766,22152258,3103.60,0.10448489,0
1506242766,22152257,3098.37,0.11914668,0
1506242766,22152256,3098.04,0.02018800,0
1506242765,22152255,3098.01,0.22228643,0
1506242652,22152229,3084.83,0.14295440,1
1506242620,22152216,3098.34,0.05158528,0
1506242598,22152214,3098.28,0.03174872,0
1506242565,22152202,3098.22,0.03101918,0
1506242503,22152185,3097.66,0.03948976,0
1506242443,22152146,3082.09,0.17366665,0
1506242434,22152140,3096.00,0.14298305,1
1506242434,22152138,3096.00,0.03000000,0
1506242432,22152137,3095.99,0.02221907,0
1506242390,22152118,3095.99,0.02857723,0
1506242366,22152109,3095.89,0.03766738,0
1506242366,22152108,3095.88,0.02576328,0
1506242342,22152106,3095.93,0.07861911,0
1506242300,22152095,3096.43,0.02699259,0
1506242263,22152080,3080.33,0.01131830,1
1506242241,22152078,3080.08,0.06111957,1
1506242082,22152047,3081.95,0.00894553,0
1506242077,22152044,3081.95,0.07500000,0
1506242047,22152040,3098.00,0.00838928,0
1506242046,22152039,3092.50,0.06578217,0
1506242039,22152036,3092.47,0.00645115,0
1506241995,22152017,3092.47,0.13820343,0
1506241951,22152006,3092.47,0.01051444,0
1506241927,22151997,3092.47,0.09644394,0
1506241902,22151977,3092.47,0.01246887,0
1506241895,22151975,3080.65,0.40264256,1
1506241864,22151964,3092.90,0.02181554,0
1506241864,22151962,3092.50,0.00919151,0
1506241862,22151958,3092.50,0.06580849,1
1506241859,22151957,3092.50,0.05527800,0
1506241822,22151912,3092.50,0.19093194,1
1506241820,22151910,3092.50,0.12073600,1
1506241818,22151905,3092.50,0.02242200,1
1506241804,22151898,3096.49,0.03142780,0
1506241726,22151871,3097.40,0.01562758,0
1506241726,22151870,3097.39,0.11000000,0
1506241691,22151866,3086.00,0.01090000,1
1506241665,22151856,3098.10,0.03042460,0
1506241645,22151849,3098.38,0.11919454,1
