date,tid,price,amount,type
1506297646,22174682,3658.40,0.04914000,1
1506297646,22174681,3658.47,0.01007943,1
1506297645,22174680,3664.51,0.04169065,0
1506297638,22174679,3658.41,0.00500000,1
1506297637,22174678,3669.61,0.04887694,0
1506297631,22174677,3664.20,0.13593410,0
1506297631,22174676,3664.20,0.09870837,0
1506297631,22174675,3664.18,0.46512306,0
1506297627,22174674,3658.39,0.00500000,1
1506297620,22174673,3664.19,0.01917725,0
1506297611,22174670,3659.10,0.01910586,1
1506297603,22174662,3667.01,0.57720000,1
1506297596,22174660,3664.22,0.01382912,0
1506297586,22174657,3659.05,0.01365000,1
1506297572,22174616,3664.24,0.18339488,0
1506297521,22174609,3658.85,0.28978076,1
1506297451,22174605,3658.51,0.01226476,1
1506297436,22174604,3658.43,0.10000000,1
1506297430,22174603,3658.41,0.39435000,0
1506297430,22174602,3658.41,0.53065000,0
1506297428,22174601,3658.41,0.01135000,1
1506297424,22174600,3658.41,0.01365000,0
1506297420,22174599,3658.35,0.00500000,1
1506297384,22174595,3668.28,0.02763049,0
1506297335,22174579,3668.73,0.01381256,0
1506297122,22174550,3662.18,0.30000000,1
1506297078,22174543,3662.01,0.00500000,1
1506297077,22174542,3665.18,0.02798722,0
1506297051,22174537,3666.79,0.54868239,0
1506297048,22174536,3666.80,0.06639253,0
1506297042,22174534,3666.73,0.35757437,0
1506297041,22174532,3666.79,2.99030000,0
1506297036,22174528,3666.82,0.69561401,0
1506297036,22174527,3666.79,0.04090771,0
1506297036,22174526,3666.79,0.22100000,0
1506297035,22174524,3666.78,0.05000000,0
1506297032,22174521,3666.82,0.04161524,1
1506297027,22174516,3666.80,0.02921516,0
1506297019,22174512,3662.06,0.16191424,1
1506296982,22174498,3658.31,5.33562501,1
1506296981,22174497,3660.00,0.03045081,1
1506296981,22174496,3660.00,1.74300000,0
1506296981,22174495,3660.01,7.21229300,0
1506296980,22174494,3660.53,0.26000000,0
1506296980,22174493,3665.23,0.00139140,1
1506296980,22174492,3665.31,1.57509600,1
1506296979,22174491,3667.94,0.10240000,1
1506296979,22174490,3669.32,0.10160000,1
1506296978,22174489,3670.21,0.10830000,1
1506296978,22174488,3671.00,0.32136000,1
1506296977,22174487,3672.02,0.08730000,1
1506296970,22174485,3672.02,0.00500000,1
1506296952,22174469,3674.09,0.16299475,0
1506296931,22174464,3674.23,0.10045301,1
1506296911,22174463,3674.23,0.00674699,1
1506296854,22174452,3674.90,0.95860750,0
1506296854,22174451,3676.25,0.00138723,1
1506296852,22174450,3676.30,0.04000527,1
1506296799,22174440,3676.92,0.02332903,0
1506296767,22174431,3676.94,0.02495825,0
1506296753,22174420,3678.63,0.01844853,0
1506296721,22174410,3678.64,0.02490000,0
1506296698,22174397,3680.76,0.23467614,0
1506296657,22174395,3676.96,0.05400000,1
1506296578,22174383,3676.93,0.00900000,1
1506296445,22174364,3685.17,0.13677753,0
1506296430,22174363,3680.05,0.46749203,0
1506296430,22174362,3680.07,0.03250797,1
1506296413,22174361,3680.07,0.08182623,1
1506296386,22174354,3680.04,0.02827135,1
1506296383,22174353,3685.22,0.02778009,0
1506296351,22174351,3680.01,0.06200000,1
1506296347,22174350,3685.80,0.00500000,0
1506296260,22174347,3686.47,0.00200000,0
1506296207,22174346,3684.09,0.24351084,0
1506296196,22174343,3678.51,0.00500000,1
1506296195,22174342,3678.51,0.00500000,1
1506296188,22174341,3684.09,0.01010000,0
1506296182,22174339,3676.63,0.00500000,1
1506296180,22174338,3684.10,0.40794472,1
1506296170,22174335,3684.11,0.00200000,0
1506296159,22174333,3676.64,0.00500000,1
1506296151,22174332,3684.21,0.06934124,0
1506296144,22174331,3682.48,0.07229831,0
1506296138,22174330,3682.48,0.00403000,0
1506296123,22174329,3682.57,0.01010000,0
1506296113,22174327,3682.13,0.01010000,0
1506296108,22174326,3682.13,0.00200000,0
1506296106,22174325,3682.13,0.00398376,0
1506296098,22174324,3684.23,0.01010000,0
1506296093,22174321,3684.27,0.01010000,0
1506296087,22174320,3676.56,0.00680000,1
1506296086,22174319,3676.56,0.00681091,1
1506296083,22174318,3682.59,0.00403000,0
1506296068,22174316,3682.14,0.00403000,0
1506296063,22174315,3684.16,0.00403000,0
1506296048,22174312,3682.15,0.00403000,0
1506296018,22174311,3681.64,0.46235101,0
1506296016,22174310,3680.00,0.08016000,0
1506295922,22174304,3676.40,0.02003832,1
1506295896,22174303,3678.93,0.09000000,0
1506295887,22174302,3679.37,0.90222750,0
1506295887,22174301,3678.95,0.04077250,0
1506295878,22174299,3681.42,1.70849207,0
1506295878,22174298,3678.97,0.03183790,0
1506295876,22174296,3678.97,0.00893438,0
1506295868,22174295,3678.94,0.58460000,0
1506295866,22174291,3676.13,0.03804028,1
1506295866,22174290,3676.00,1.30527420,0
1506295865,22174289,3676.00,0.05141730,0
1506295862,22174288,3676.03,0.00636284,1
1506295862,22174287,3676.13,4.00000000,1
1506295861,22174286,3676.03,0.00444955,1
1506295861,22174285,3676.12,0.03095513,1
1506295851,22174284,3678.90,0.01370000,0
1506295795,22174270,3678.96,0.00500000,0
1506295783,22174269,3678.96,0.00291631,0
1506295773,22174268,3678.98,0.00900000,0
1506295742,22174267,3678.99,0.43515204,1
1506295741,22174266,3676.12,0.07834487,1
1506295741,22174265,3676.13,0.01165513,1
1506295732,22174264,3679.00,2.49320000,0
1506295731,22174263,3679.00,0.04618873,0
1506295721,22174262,3678.99,0.00500000,0
1506295711,22174258,3676.13,0.00944222,1
1506295711,22174257,3679.00,0.00570000,0
1506295703,22174256,3679.00,0.19927700,0
1506295702,22174255,3678.99,0.00712300,0
1506295691,22174254,3678.99,0.00360000,0
1506295680,22174252,3679.00,0.02490000,0
1506295668,22174250,3679.98,0.03658871,0
1506295643,22174246,3679.99,1.02640000,0
1506295622,22174245,3679.99,0.05092795,0
1506295607,22174232,3679.99,0.02490000,0
1506295568,22174225,3682.90,0.87150000,0
1506295567,22174223,3676.62,3.28336351,1
1506295551,22174222,3682.98,0.79520000,0
1506295545,22174221,3676.56,0.08430994,0
1506295545,22174220,3676.60,0.87150000,0
1506295544,22174219,3676.62,0.87150000,0
1506295543,22174218,3678.12,0.87150000,0
1506295542,22174217,3678.12,0.30119006,1
1506295517,22174216,3685.81,0.01087137,0
1506295465,22174215,3681.36,0.09785765,1
1506295465,22174214,3681.36,0.28846890,1
1506295462,22174209,3686.77,0.27159003,1
1506295461,22174208,3683.07,0.06671221,1
1506295456,22174195,3679.33,0.01279508,1
1506295453,22174194,3679.34,0.18972979,0
1506295444,22174189,3678.87,0.27432955,0
1506295442,22174187,3678.87,0.00472300,0
1506295431,22174186,3686.85,0.06262038,0
1506295394,22174185,3678.99,0.27966333,1
1506295394,22174184,3682.04,0.01423667,1
1506295392,22174183,3682.12,2.70610000,1
1506295386,22174180,3687.85,0.06220969,0
1506295342,22174166,3682.16,0.51494234,0
1506295342,22174165,3682.16,0.87150000,0
1506295341,22174164,3682.21,0.61355766,1
1506295312,22174159,3689.00,0.09959192,0
1506295272,22174158,3680.81,0.01500000,1
1506295265,22174156,3690.00,0.14286545,0
1506295231,22174152,3679.92,0.02711063,1
1506295198,22174147,3686.49,0.00599006,0
1506295171,22174146,3678.93,0.01249855,1
1506295169,22174145,3681.18,0.02005064,0
1506295150,22174144,3678.53,1.77378235,0
1506295148,22174143,3681.19,0.22621765,1
1506295142,22174141,3681.19,0.32932553,1
1506295142,22174140,3681.20,0.00160285,1
1506295137,22174139,3686.95,0.00398371,0
1506295121,22174138,3686.95,0.00200000,0
1506295104,22174136,3681.23,1.57391958,0
1506295102,22174135,3682.89,0.42608042,1
1506295036,22174132,3682.89,0.02032515,1
1506295021,22174131,3682.89,0.04174623,1
1506294947,22174106,3682.89,0.02825543,1
1506294931,22174102,3682.89,0.09893994,1
1506294931,22174101,3682.90,0.03662535,1
1506294905,22174100,3688.00,0.02748276,0
1506294873,22174098,3688.33,0.00405665,1
1506294866,22174097,3688.33,0.03742208,0
1506294767,22174075,3682.89,0.00305919,1
1506294765,22174074,3682.90,0.00194081,1
1506294748,22174073,3688.47,0.00466796,0
1506294705,22174069,3682.89,0.00500000,1
1506294705,22174068,3682.89,0.00500000,1
1506294705,22174067,3682.89,0.00500000,1
1506294702,22174066,3684.29,0.00500000,1
1506294702,22174064,3684.29,0.00500000,1
1506294687,22174060,3684.29,0.00500000,1
1506294666,22174058,3688.57,0.01400000,1
1506294643,22174055,3688.66,0.07224196,0
1506294643,22174054,3688.65,0.02228198,0
1506294643,22174053,3684.40,0.33000000,1
1506294637,22174052,3688.65,0.00892181,0
1506294593,22174048,3688.66,1.60305605,0
1506294593,22174047,3688.64,2.71050000,0
1506294592,22174046,3688.48,0.68644395,0
1506294556,22174041,3688.57,0.01784739,0
1506294483,22174025,3688.65,0.02600000,0
1506294465,22174023,3688.65,0.03297772,0
1506294464,22174021,3688.65,0.01367160,0
1506294432,22174019,3688.24,0.00392351,0
1506294367,22174014,3688.39,0.02001144,1
1506294363,22174013,3688.16,0.01400000,0
1506294331,22174008,3688.27,0.00500000,0
1506294300,22174006,3688.34,0.04511020,0
1506294262,22173984,3688.46,0.02747797,0
1506294249,22173981,3688.64,0.01576112,0
1506294192,22173976,3688.73,0.00535716,0
1506294189,22173973,3690.00,0.04003206,0
1506294181,22173968,3688.79,0.00571727,0
1506294136,22173958,3688.90,0.08221386,0
1506294130,22173949,3682.89,0.12520012,1
1506294119,22173946,3685.78,0.00727749,1
1506294112,22173939,3689.38,0.00390902,1
1506294102,22173937,3689.01,0.86527551,1
1506294030,22173916,3685.80,0.00500000,0
1506294013,22173913,3685.81,0.00170000,0
1506294006,22173909,3685.75,0.02489859,0
1506294002,22173905,3682.89,0.02417663,1
1506293946,22173877,3682.89,0.18450500,1
1506293943,22173876,3682.89,0.03271189,1
1506293943,22173875,3682.93,0.00311011,1
1506293909,22173864,3688.31,0.00434329,1
1506293903,22173863,3682.79,0.10881203,1
1506293891,22173858,3683.11,0.00952500,0
1506293890,22173857,3682.90,0.06615861,0
1506293887,22173856,3682.90,0.03783825,1
1506293886,22173854,3682.90,0.06616175,1
1506293886,22173853,3686.12,1.28540308,0
1506293883,22173851,3682.91,1.00000000,1
1506293880,22173846,3688.34,0.06452760,0
1506293876,22173843,3683.87,0.21501030,1
1506293856,22173824,3685.37,0.04425437,1
1506293856,22173823,3685.46,0.01500000,1
1506293856,22173822,3685.48,0.03340580,1
1506293765,22173786,3689.93,0.02487032,0
1506293764,22173784,3689.97,0.08327220,0
1506293764,22173783,3685.51,0.01672780,0
1506293749,22173781,3689.99,0.10000000,0
1506293734,22173777,3689.99,0.22826000,0
1506293726,22173773,3689.99,0.14375300,0
1506293721,22173765,3685.49,0.38927500,1
1506293718,22173764,3685.49,0.38937000,0
1506293712,22173759,3685.49,0.46872459,1
1506293709,22173756,3689.98,0.00499669,1
1506293643,22173734,3689.95,0.03146900,0
1506293626,22173722,3685.45,0.01085000,1
1506293530,22173707,3685.76,0.01390000,1
1506293523,22173706,3690.00,0.00700000,0
1506293502,22173697,3690.00,0.03569667,0
1506293486,22173689,3685.73,0.19694368,0
1506293484,22173688,3685.76,0.11653419,1
1506293403,22173683,3690.00,0.15745100,0
1506293343,22173679,3687.88,0.39491234,1
1506293313,22173673,3689.99,0.76254698,0
1506293288,22173672,3689.99,0.04091155,1
1506293287,22173671,3689.90,0.01020000,1
1506293286,22173670,3689.90,0.01105992,0
1506293286,22173669,3689.90,0.02487059,0
1506293285,22173666,3689.90,0.00472100,0
1506293252,22173661,3684.99,0.10840000,1
1506293236,22173653,3689.96,0.00949834,0
1506293163,22173649,3689.97,0.02291282,0
1506293120,22173635,3684.14,0.04461048,1
1506293120,22173634,3684.18,0.01568055,1
1506293120,22173633,3684.21,0.03970897,1
1506293113,22173630,3690.82,0.01438159,0
1506293099,22173622,3691.21,0.02400000,0
1506293092,22173621,3691.14,0.11336323,0
1506293091,22173620,3680.94,0.06000000,1
1506293061,22173615,3691.27,0.01900000,0
1506293046,22173614,3691.43,0.25130640,0
1506293027,22173611,3684.09,0.00500000,1
1506293022,22173610,3692.33,0.40527255,0
1506292929,22173562,3683.93,1.00000000,1
1506292927,22173561,3683.93,1.00000000,1
1506292925,22173560,3683.92,0.05440323,0
1506292923,22173559,3693.83,0.05319677,0
1506292915,22173557,3681.74,1.00000000,1
1506292910,22173556,3683.91,0.12850000,0
1506292909,22173555,3683.94,0.87150000,1
1506292901,22173554,3683.89,1.00000000,1
1506292896,22173553,3683.86,0.12850000,1
1506292896,22173552,3683.86,0.87150000,1
1506292893,22173551,3689.49,1.00000000,0
1506292872,22173541,3689.48,0.02500000,1
1506292867,22173534,3691.80,2.05520436,1
1506292866,22173533,3691.80,1.00000000,1
1506292861,22173532,3691.80,0.02500000,1
1506292848,22173531,3691.80,0.01000000,1
1506292848,22173530,3691.84,0.01500000,1
1506292844,22173529,3691.80,0.03400000,1
1506292839,22173528,3691.81,0.15664984,1
1506292839,22173527,3691.91,0.03645016,1
1506292835,22173526,3691.80,0.19310000,1
1506292834,22173525,3691.94,0.38784217,1
1506292834,22173524,3694.99,13.81266558,0
1506292834,22173523,3694.98,3.16660365,0
1506292832,22173520,3691.80,0.01700000,1
1506292831,22173519,3691.80,0.00737368,1
1506292831,22173518,3691.97,0.00000732,1
1506292831,22173517,3691.97,0.19310000,1
1506292824,22173515,3694.99,0.03983571,0
1506292820,22173509,3694.99,1.00000000,0
1506292818,22173507,3694.99,1.00000000,0
1506292807,22173504,3694.99,8.50000000,0
1506292807,22173503,3694.98,4.00000000,0
1506292793,22173495,3694.99,0.03250612,0
1506292759,22173476,3694.99,1.00000000,0
1506292757,22173470,3691.18,0.09430890,0
1506292752,22173469,3694.98,0.79000000,1
1506292752,22173468,3694.98,0.21000000,0
1506292744,22173464,3689.96,1.00000000,0
1506292742,22173463,3689.95,0.04065096,0
1506292736,22173462,3684.68,1.65555279,0
1506292735,22173461,3684.68,2.70950000,0
1506292730,22173458,3688.21,0.62619919,0
1506292721,22173441,3689.07,0.00874802,0
1506292707,22173432,3694.96,0.03347857,0
1506292705,22173430,3689.28,0.19152005,1
1506292701,22173426,3689.30,0.07711186,1
1506292694,22173422,3691.24,0.06187690,0
1506292691,22173420,3692.90,0.00996800,1
1506292690,22173416,3692.90,0.00586000,1
1506292689,22173414,3694.97,0.07179468,1
1506292688,22173412,3694.97,0.89226717,0
1506292688,22173411,3694.96,0.03593815,0
1506292685,22173409,3694.97,1.00000000,0
1506292679,22173406,3691.83,0.11360321,1
1506292679,22173404,3691.83,0.07909546,1
1506292678,22173403,3691.83,0.09059378,0
1506292678,22173402,3691.83,0.09300622,0
1506292665,22173396,3691.74,0.06553339,0
1506292665,22173395,3691.73,0.03596959,0
1506292665,22173394,3691.51,0.87150000,0
1506292665,22173393,3682.71,0.02699702,0
1506292664,22173392,3682.71,0.05614118,0
1506292659,22173390,3688.83,0.87150000,0
1506292659,22173389,3686.67,0.10849900,0
1506292654,22173385,3691.60,0.12850000,0
1506292653,22173384,3686.66,0.87150000,0
1506292648,22173381,3682.00,0.21730285,1
1506292646,22173377,3682.00,2.65899310,0
1506292645,22173374,3682.00,1.00000000,0
1506292640,22173371,3681.60,0.26808182,1
1506292639,22173369,3681.59,0.09302400,0
1506292633,22173366,3676.09,0.15913598,0
1506292626,22173363,3676.09,0.02496402,0
1506292623,22173361,3676.05,1.00000000,0
1506292617,22173360,3676.05,3.23016366,0
1506292616,22173359,3676.05,5.00000000,0
1506292615,22173358,3675.34,0.07000000,0
1506292607,22173353,3674.89,0.18070000,0
1506292602,22173351,3673.80,0.21960000,0
1506292594,22173350,3673.21,0.21480000,0
1506292587,22173349,3672.72,0.21990000,0
1506292582,22173348,3672.00,7.86750619,0
1506292572,22173346,3672.00,0.11308300,0
1506292570,22173344,3672.00,0.01941081,0
1506292570,22173343,3671.33,0.01100419,0
1506292570,22173342,3670.54,0.13558000,0
1506292568,22173340,3670.54,4.00000000,0
1506292565,22173339,3670.54,0.66110000,1
1506292565,22173338,3670.60,0.06332000,1
1506292562,22173337,3670.55,10.00000000,0
1506292557,22173336,3668.81,0.00500000,1
1506292554,22173335,3668.84,0.00500000,1
1506292553,22173334,3668.81,0.00500000,1
1506292532,22173327,3665.73,0.01360000,1
1506292526,22173326,3670.53,0.11841204,0
1506292526,22173325,3666.86,0.01102566,0
1506292519,22173324,3665.68,0.00500000,1
1506292513,22173322,3665.68,0.00500000,1
1506292430,22173310,3665.47,0.03578200,1
1506292366,22173300,3670.53,0.00348234,0
1506292359,22173293,3670.53,0.06200000,0
1506292322,22173289,3665.41,0.14113937,1
1506292320,22173288,3670.54,0.02716120,0
1506292308,22173287,3670.53,1.40883132,1
1506292308,22173286,3670.40,0.04086748,0
1506292307,22173285,3670.38,0.87150000,0
1506292307,22173284,3667.28,0.03512659,0
1506292235,22173215,3667.28,0.02487341,0
1506292208,22173210,3665.35,0.02100000,1
1506292208,22173209,3665.35,0.06745382,0
1506292207,22173208,3665.35,0.02748058,1
1506292206,22173207,3669.22,0.12505383,0
1506292167,22173184,3669.13,0.90067344,0
1506292145,22173144,3669.16,0.06252657,0
1506292143,22173142,3669.16,0.03050250,0
1506292129,22173140,3669.19,0.02700000,0
1506292121,22173135,3665.31,0.42490400,1
1506292082,22173128,3669.25,0.03397769,0
1506292043,22173106,3665.32,0.00500000,1
1506292030,22173105,3669.72,0.19261438,0
1506292025,22173102,3669.76,0.02900000,0
1506291999,22173098,3665.38,0.35898200,0
1506291937,22173095,3670.45,0.00600000,0
1506291921,22173088,3670.53,0.00334079,0
1506291921,22173087,3667.48,0.00500000,0
1506291921,22173086,3667.47,0.46585180,0
1506291920,22173085,3665.36,0.03576800,0
1506291917,22173079,3665.32,1.31397511,1
1506291917,22173076,3665.33,0.01500000,1
1506291917,22173075,3665.35,0.03282489,1
1506291799,22173047,3669.56,0.08771595,1
1506291783,22173046,3669.33,0.10405476,0
1506291737,22173038,3670.08,0.00422511,0
1506291721,22173035,3665.32,0.00821258,1
1506291702,22173030,3670.53,0.01673051,0
1506291672,22173025,3671.00,0.02217651,1
1506291670,22173024,3667.34,0.00500000,0
1506291612,22173022,3666.74,0.03103830,0
1506291611,22173021,3666.74,0.07169854,0
1506291596,22172989,3665.33,0.87879744,0
1506291594,22172988,3665.33,3.63993263,0
1506291593,22172987,3665.33,2.11287365,0
1506291593,22172986,3665.32,4.88712635,0
1506291584,22172985,3665.32,0.01287365,0
1506291584,22172984,3665.33,1.12840000,0
1506291579,22172982,3665.33,0.48491607,0
1506291575,22172980,3665.33,0.01710192,0
1506291551,22172977,3665.33,0.54580000,0
1506291535,22172972,3665.30,0.05000000,0
1506291525,22172971,3665.31,0.06622427,0
1506291524,22172970,3665.31,0.05000000,0
1506291520,22172969,3665.25,0.04050000,0
1506291426,22172962,3665.32,0.23471918,1
1506291422,22172960,3665.33,0.13648825,0
1506291390,22172954,3664.77,0.08909649,0
1506291383,22172953,3662.33,0.03168859,0
1506291370,22172948,3660.28,0.92967378,0
1506291369,22172946,3660.30,0.12586818,1
1506291369,22172945,3660.40,0.00593104,1
1506291369,22172944,3660.43,1.00000000,1
1506291316,22172940,3665.33,0.01097102,0
1506291306,22172938,3665.33,0.40517770,0
1506291305,22172937,3662.68,0.77285834,1
1506291304,22172936,3662.68,0.11530000,0
1506291245,22172931,3665.33,0.63954132,0
1506291206,22172921,3665.32,0.53060736,0
1506291170,22172918,3659.08,0.03888338,1
1506291119,22172913,3665.29,0.01793452,0
1506291033,22172908,3665.30,0.02765293,0
1506290935,22172897,3665.41,0.01571443,0
1506290926,22172895,3665.42,3.18377430,0
1506290924,22172894,3665.39,1.00000000,0
1506290816,22172885,3658.31,6.14462138,1
1506290815,22172884,3658.32,0.26000000,0
1506290815,22172883,3658.32,1.46100000,1
1506290815,22172882,3658.48,2.72430000,0
1506290814,22172881,3660.00,0.06007862,1
1506290814,22172880,3660.00,4.00000000,0
1506290812,22172877,3663.00,0.35000000,1
1506290717,22172851,3661.94,2.54000108,1
1506290717,22172850,3662.26,2.72100000,1
1506290717,22172849,3662.26,0.68364116,0
1506290716,22172848,3662.33,0.87150000,0
1506290716,22172847,3665.06,1.75072258,0
1506290714,22172846,3666.11,0.00313518,1
1506290693,22172844,3671.11,0.00503352,0
1506290618,22172828,3666.09,0.06745895,1
1506290618,22172827,3666.09,0.45175027,1
1506290618,22172826,3666.21,0.00388578,1
1506290618,22172825,3668.40,0.00434250,1
1506290613,22172822,3668.41,0.47738939,0
1506290610,22172820,3668.41,0.08516200,1
1506290581,22172807,3668.40,0.01013034,1
1506290522,22172798,3666.14,2.72500000,1
1506290468,22172790,3665.27,0.01730023,1
1506290463,22172789,3668.39,0.00334079,0
1506290460,22172785,3665.24,0.01002663,1
1506290453,22172784,3665.00,0.15082438,1
1506290453,22172783,3665.13,2.72490000,1
1506290452,22172782,3665.22,0.03577562,1
1506290447,22172779,3665.25,0.01002661,1
1506290440,22172775,3665.26,0.01786563,1
1506290403,22172768,3668.41,0.00327117,0
1506290371,22172765,3664.42,0.26000000,1
1506290343,22172763,3668.41,0.11011610,0
1506290315,22172761,3668.41,0.00408536,0
1506290281,22172728,3668.43,0.10091858,0
1506290281,22172727,3668.42,0.02575400,0
1506290279,22172726,3663.90,0.00600000,0
1506290200,22172723,3663.88,1.22010000,0
1506290200,22172722,3661.88,0.00620000,0
1506290105,22172710,3663.87,0.06755823,0
1506290105,22172709,3663.74,0.04094177,0
1506290101,22172708,3660.00,0.05990687,1
1506290075,22172706,3663.88,0.26770019,0
1506290074,22172705,3663.77,1.63740000,0
1506290026,22172704,3660.00,0.01088000,1
1506289935,22172696,3661.23,2.40963876,1
1506289927,22172695,3661.25,0.87150000,0
1506289809,22172667,3665.40,0.50771900,1
1506289808,22172666,3665.40,0.15200000,1
1506289808,22172665,3665.41,0.04366316,1
1506289806,22172664,3670.04,0.02500517,0
1506289787,22172661,3670.15,0.30611779,0
1506289786,22172659,3665.31,0.08174142,1
1506289743,22172653,3670.16,0.00633200,0
1506289688,22172634,3672.67,0.02507472,0
1506289688,22172633,3669.02,0.02263003,0
1506289623,22172632,3669.01,0.03157700,0
1506289594,22172627,3669.02,0.06307997,0
1506289571,22172624,3664.44,2.00000000,0
1506289556,22172622,3664.80,0.02214394,0
1506289552,22172621,3667.17,0.01463879,1
1506289534,22172620,3669.02,0.00600000,0
1506289533,22172619,3668.61,0.00874298,0
1506289470,22172615,3667.21,2.98337155,0
1506289470,22172614,3667.17,0.01026556,0
1506289468,22172613,3667.16,1.60791142,0
1506289453,22172608,3667.17,0.00136072,0
1506289438,22172607,3667.17,0.02927720,0
1506289401,22172594,3664.84,0.00598582,0
1506289393,22172592,3664.85,0.12856790,0
1506289382,22172587,3664.86,0.38691639,0
1506289382,22172586,3664.85,0.00600000,0
1506289364,22172573,3660.00,0.84133909,0
1506289362,22172572,3660.67,0.09960000,1
1506289362,22172571,3665.60,0.02087243,1
1506289361,22172567,3665.61,2.36910000,0
1506289354,22172565,3665.61,2.63090000,0
1506289353,22172564,3665.61,0.02900938,0
1506289349,22172560,3665.61,0.02041999,0
1506289332,22172557,3660.67,0.24890298,0
1506289331,22172556,3663.00,0.14609702,1
1506289329,22172555,3666.14,0.09500000,1
1506289310,22172552,3669.24,0.00800948,0
1506289308,22172551,3669.24,0.00300000,0
1506289294,22172546,3671.07,0.06311096,0
1506289280,22172545,3666.46,0.91214971,0
1506289280,22172544,3666.46,0.08785029,1
1506289278,22172543,3671.11,4.00000000,0
1506289277,22172542,3666.76,1.00000000,0
1506289272,22172541,3666.75,0.06870000,1
1506289272,22172540,3666.76,0.02611374,1
1506289264,22172539,3672.82,0.02201550,0
1506289262,22172538,3672.81,0.02820040,0
1506289262,22172537,3669.23,0.02820040,0
1506289261,22172536,3669.23,0.06715169,0
1506289261,22172535,3669.22,0.00434018,0
1506289261,22172534,3669.22,0.02820040,0
1506289259,22172533,3669.23,0.02820040,0
1506289254,22172532,3671.03,0.07018180,0
1506289251,22172531,3668.32,0.04400000,0
1506289247,22172530,3672.00,3.44055378,1
1506289247,22172529,3672.00,5.22082149,1
1506289247,22172528,3672.17,1.77917851,1
1506289247,22172527,3672.17,1.41200000,1
1506289247,22172526,3672.19,2.71650000,1
1506289246,22172525,3672.20,0.87150000,1
1506289241,22172524,3674.50,0.01485542,0
1506289236,22172523,3674.55,2.71500000,1
1506289231,22172520,3676.43,0.06040000,1
1506289223,22172519,3678.15,0.58970000,0
1506289215,22172518,3678.15,0.00600000,0
1506289192,22172514,3678.15,2.10870500,0
1506289170,22172513,3678.15,0.02662110,0
1506289148,22172508,3678.15,0.02242923,0
1506289143,22172507,3678.14,0.41050400,0
1506289141,22172506,3678.15,0.09179007,0
1506289118,22172504,3678.15,0.00200000,0
1506289100,22172503,3679.71,0.01151992,0
1506289082,22172502,3675.40,0.00674965,1
1506289035,22172496,3679.71,1.63507721,0
1506289024,22172494,3679.71,0.25210682,0
1506289007,22172491,3679.65,0.00700000,0
1506289002,22172488,3679.66,0.01201403,0
1506288817,22172456,3673.15,0.02903200,1
1506288804,22172454,3679.62,0.00785501,0
1506288784,22172450,3676.94,0.07500000,0
1506288780,22172449,3675.34,0.23276583,0
1506288780,22172448,3675.85,0.00138738,1
1506288778,22172447,3676.00,0.76584679,1
1506288707,22172442,3676.00,0.07144771,1
1506288692,22172440,3676.00,0.03755696,1
1506288680,22172432,3676.03,0.53990000,0
1506288676,22172429,3676.00,0.00714088,1
1506288676,22172428,3676.03,0.04455772,1
1506288668,22172427,3679.71,0.25728114,0
1506288661,22172426,3679.71,0.36977724,0
1506288661,22172425,3679.68,0.31455432,0
1506288661,22172424,3678.18,0.11756844,0
1506288643,22172423,3678.18,0.08243156,0
1506288643,22172422,3678.17,0.00278115,0
1506288555,22172417,3678.17,0.03800000,0
1506288496,22172409,3676.13,0.27135300,1
1506288406,22172400,3676.00,0.01007600,1
1506288406,22172399,3676.00,0.01361618,1
1506288389,22172397,3676.00,0.06407570,1
1506288367,22172392,3676.00,0.03023978,1
1506288367,22172391,3678.19,0.01795410,0
1506288361,22172390,3676.02,0.01236780,1
1506288298,22172350,3682.00,0.01000000,0
1506288284,22172348,3682.00,0.00900000,0
1506288266,22172345,3682.00,0.01007463,0
1506288243,22172335,3682.00,0.00474100,0
1506288237,22172334,3682.00,0.00600000,0
1506288221,22172333,3682.00,0.96181152,0
1506288200,22172325,3679.00,0.00694010,0
1506288128,22172320,3679.00,0.00805990,0
1506288106,22172316,3676.60,1.55003846,0
1506288103,22172314,3676.60,2.93264121,0
1506288102,22172313,3676.60,7.00000000,0
1506288102,22172312,3676.60,5.00000000,0
1506288092,22172310,3676.60,0.01000000,0
1506288092,22172309,3676.60,1.29354986,0
1506288085,22172308,3676.60,0.02726040,0
1506288085,22172307,3676.60,0.12895796,0
1506288084,22172306,3676.60,0.04999821,0
1506288084,22172305,3676.60,0.02812094,0
1506288070,22172302,3676.60,0.97608655,0
1506288070,22172301,3676.60,0.01800000,0
1506288061,22172296,3675.62,0.01027409,1
1506288060,22172295,3676.60,0.54000000,0
1506288057,22172294,3676.60,0.12901924,0
1506288043,22172293,3676.60,11.90000000,0
1506288031,22172290,3676.60,0.30490000,0
1506288030,22172289,3676.60,0.00900000,0
1506288023,22172287,3676.60,0.02000000,0
1506288023,22172286,3676.60,0.02000000,0
1506288020,22172284,3676.60,0.00213376,0
1506288020,22172283,3676.59,0.01000000,0
1506287968,22172269,3676.59,2.17158563,0
1506287966,22172266,3676.59,1.01644890,0
1506287937,22172261,3676.59,0.01500000,0
1506287930,22172260,3676.59,0.03155112,0
1506287929,22172259,3676.59,0.03155100,0
1506287916,22172258,3676.59,0.01058046,0
1506287916,22172257,3676.59,0.10696552,0
1506287912,22172256,3676.59,0.04350000,0
1506287911,22172255,3676.59,0.04999973,0
1506287904,22172253,3676.59,0.12180000,0
1506287903,22172252,3676.59,0.05019354,0
1506287903,22172251,3676.59,0.13585922,0
1506287881,22172249,3676.59,0.01355675,0
1506287861,22172248,3676.59,0.01300000,0
1506287842,22172246,3676.60,0.01800000,0
1506287825,22172244,3676.60,0.82229400,0
1506287823,22172243,3676.60,0.06320800,0
1506287806,22172241,3676.60,0.01580712,0
1506287780,22172237,3676.60,0.15112287,0
1506287780,22172236,3676.59,0.34767713,0
1506287771,22172233,3676.59,0.02664836,0
1506287736,22172232,3676.59,0.01788218,0
1506287721,22172231,3676.59,0.00568188,0
1506287683,22172226,3676.59,2.54890121,0
1506287683,22172225,3676.58,0.01079879,0
1506287675,22172224,3676.58,0.03000000,0
1506287647,22172221,3675.60,0.00586264,1
1506287647,22172220,3675.62,0.04569931,1
1506287646,22172219,3676.59,0.00446425,0
1506287639,22172218,3676.59,0.01579612,0
1506287630,22172217,3676.59,0.02718418,0
1506287628,22172216,3676.59,0.01019955,0
1506287603,22172214,3676.59,0.11127101,0
1506287602,22172213,3676.59,0.01902550,0
1506287601,22172212,3676.59,0.04999999,0
1506287601,22172211,3676.59,0.01905350,0
1506287601,22172210,3676.59,0.64660000,0
1506287600,22172209,3676.59,0.02391514,0
1506287591,22172207,3676.59,0.79570000,0
1506287581,22172206,3676.60,0.02000000,0
1506287580,22172205,3676.60,0.02000000,0
1506287563,22172197,3676.60,0.02900000,0
1506287560,22172196,3676.60,0.29761585,0
1506287550,22172195,3676.60,0.52269923,0
1506287543,22172194,3676.60,0.03900000,0
1506287525,22172192,3676.60,0.43560000,0
1506287518,22172191,3676.60,3.38059057,0
1506287518,22172190,3676.59,3.86940943,0
1506287508,22172189,3676.59,0.01700000,0
1506287493,22172187,3676.59,0.27359057,0
1506287466,22172181,3676.60,1.00000000,0
1506287462,22172179,3676.60,0.35631128,0
1506287462,22172178,3676.59,0.11468872,0
1506287462,22172177,3676.59,0.01201932,0
1506287446,22172174,3672.26,0.07765985,1
1506287413,22172171,3676.60,0.95000000,0
1506287413,22172170,3676.59,4.00204084,0
1506287375,22172161,3676.59,0.04795916,0
1506287360,22172159,3676.60,0.00800000,0
1506287360,22172158,3673.00,0.01000000,0
1506287303,22172150,3676.60,0.76405600,0
1506287303,22172149,3676.54,0.87150000,0
1506287303,22172148,3674.00,0.07450000,0
1506287303,22172147,3673.99,0.04082755,0
1506287303,22172146,3673.00,0.01808261,0
1506287286,22172144,3673.00,0.02498230,0
1506287258,22172135,3672.74,0.10429857,1
1506287258,22172134,3672.76,0.04379143,1
1506287257,22172133,3673.00,0.04073509,0
1506287234,22172126,3672.00,0.44847826,0
1506287234,22172125,3670.00,0.03961476,0
1506287224,22172122,3670.00,0.00135695,0
1506287206,22172120,3668.29,0.01362454,1
1506287191,22172119,3670.00,0.03400000,0
1506287146,22172113,3670.00,0.01000000,0
1506287133,22172111,3670.00,0.03728653,0
1506287103,22172105,3670.00,0.00818400,0
1506287101,22172104,3667.31,0.04904819,1
1506287099,22172103,3670.00,0.00600000,0
1506287064,22172097,3672.00,0.00500000,0
1506287053,22172092,3671.77,0.10277059,0
1506287035,22172083,3671.00,4.73142010,1
1506287032,22172082,3671.00,1.30952977,1
1506287032,22172081,3671.98,0.09888126,0
1506287031,22172080,3670.76,0.01000000,0
1506286990,22172056,3670.57,0.00600000,0
1506286902,22172040,3670.68,0.03700000,0
1506286860,22172035,3670.64,0.15131378,0
1506286830,22172027,3670.77,0.00500000,0
1506286815,22172025,3670.77,2.95913664,0
1506286815,22172024,3670.77,0.04086336,0
1506286805,22172021,3667.06,0.98284570,0
1506286804,22172020,3667.06,0.02635187,1
1506286792,22172018,3669.28,0.01600000,0
1506286780,22172016,3669.27,0.02010329,0
1506286775,22172015,3669.28,0.01200000,0
1506286770,22172014,3667.04,0.68384912,1
1506286745,22172012,3667.07,0.01600000,1
1506286744,22172011,3667.05,0.37378736,0
1506286742,22172010,3667.06,0.03785264,1
1506286718,22172006,3671.20,0.00310429,0
1506286693,22172004,3670.39,0.01100000,0
1506286692,22172003,3667.04,0.03353289,0
1506286672,22172001,3666.46,0.00100000,0
1506286666,22172000,3666.45,0.05576000,1
1506286656,22171999,3666.46,0.00900000,0
1506286655,22171998,3666.45,4.69000000,0
1506286655,22171997,3666.44,0.48590812,0
1506286549,22171988,3664.35,0.03937878,0
1506286549,22171987,3664.34,0.00993507,0
1506286545,22171986,3664.34,0.03100000,0
1506286541,22171985,3664.13,0.44937946,1
1506286541,22171984,3660.92,1.05062054,0
1506286540,22171983,3661.37,0.07080000,1
1506286540,22171982,3661.41,0.00707946,1
1506286539,22171981,3661.43,0.87150000,1
1506286529,22171979,3664.35,0.00823409,0
1506286518,22171978,3664.49,2.71920000,1
1506286512,22171977,3665.00,0.50000000,1
1506286506,22171974,3666.45,0.00909373,0
1506286506,22171973,3665.90,0.07100000,0
1506286505,22171972,3665.90,0.00900000,0
1506286504,22171971,3665.90,0.02000000,1
1506286474,22171966,3668.26,0.13600000,0
1506286467,22171965,3670.67,0.01300000,0
1506286387,22171954,3670.73,0.04000000,0
1506286381,22171952,3666.01,0.01584680,1
1506286319,22171902,3670.46,0.45347826,0
1506286282,22171899,3670.18,0.07139431,1
1506286282,22171898,3670.21,0.05072178,1
1506286270,22171896,3672.46,0.02664560,1
1506286270,22171895,3672.46,0.01000000,0
1506286197,22171888,3672.46,0.01300000,0
1506286142,22171884,3672.56,0.01600000,0
1506286099,22171870,3672.62,0.00299885,0
1506286086,22171866,3672.71,0.02498686,0
1506286085,22171865,3672.73,0.02498686,0
1506286079,22171862,3672.74,0.03498913,0
1506286050,22171858,3671.81,0.02000000,0
1506286025,22171857,3671.81,0.00154518,0
1506286023,22171856,3671.80,0.02983604,1
1506286006,22171855,3666.00,0.02800000,1
1506286003,22171853,3671.80,0.60696223,0
1506285997,22171852,3671.80,0.05081093,0
1506285966,22171848,3670.18,0.02500422,0
1506285961,22171846,3670.18,0.00469489,0
1506285929,22171844,3664.14,0.00137000,1
1506285925,22171843,3670.18,0.99885019,0
1506285921,22171841,3670.18,0.12033469,0
1506285911,22171838,3670.18,0.02187800,0
1506285910,22171837,3666.49,0.01000000,0
1506285907,22171836,3668.16,0.08763600,0
1506285906,22171835,3668.16,0.00326500,0
1506285905,22171834,3666.49,0.03746830,0
1506285903,22171832,3666.49,0.15800000,0
1506285844,22171829,3670.18,0.14618200,0
1506285798,22171828,3670.02,0.58442461,0
1506285764,22171825,3663.07,0.00137000,1
1506285741,22171822,3670.18,0.11154482,0
1506285741,22171821,3666.90,0.08852757,0
1506285717,22171813,3666.90,0.26909717,0
1506285717,22171812,3666.89,0.04090660,0
1506285676,22171807,3661.85,0.10535903,1
1506285676,22171806,3661.85,0.00975712,1
1506285667,22171803,3661.84,0.00137000,1
1506285663,22171801,3661.83,0.02957678,1
1506285611,22171789,3667.50,2.66100000,0
1506285606,22171788,3667.50,0.02502249,0
1506285600,22171784,3667.50,0.00584680,0
1506285599,22171783,3664.84,0.01000000,0
1506285590,22171781,3667.20,0.54406904,0
1506285558,22171776,3661.00,0.11000000,1
1506285556,22171775,3661.00,0.05320615,1
1506285551,22171772,3660.99,0.00137000,1
1506285549,22171771,3664.81,0.83216269,0
1506285547,22171770,3664.84,0.96789136,0
1506285547,22171769,3664.84,0.63962683,0
1506285543,22171766,3664.83,0.01582300,0
1506285526,22171765,3660.98,0.00683000,1
1506285520,22171763,3660.98,0.00137000,1
1506285511,22171759,3660.95,0.02689825,1
1506285482,22171755,3664.83,0.27765272,0
1506285471,22171754,3664.77,0.00500000,0
1506285454,22171750,3664.76,0.00407178,0
1506285427,22171746,3660.92,0.00137000,1
1506285425,22171745,3660.92,0.00137000,1
1506285423,22171744,3664.67,0.11188876,0
1506285423,22171743,3660.92,0.00367867,0
1506285416,22171740,3660.29,0.00137000,0
1506285413,22171739,3660.28,0.00137000,1
1506285411,22171736,3660.28,0.00137000,1
1506285390,22171735,3660.59,0.00137000,1
1506285388,22171734,3660.59,0.00137000,1
1506285313,22171709,3662.35,0.03000000,0
1506285305,22171708,3662.23,0.02505850,0
1506285303,22171705,3662.24,0.07096601,0
1506285284,22171700,3664.83,0.07275654,0
1506285269,22171695,3669.80,0.01374318,0
1506285217,22171685,3660.09,0.00137000,1
1506285208,22171683,3660.08,0.00137000,1
1506285205,22171682,3660.12,0.00137000,1
1506285204,22171680,3667.56,0.08779952,1
1506285117,22171670,3672.87,0.01500000,0
1506285114,22171669,3660.04,1.69193011,1
1506285114,22171668,3660.05,0.83856989,1
1506285107,22171666,3673.10,0.02582831,1
1506285106,22171665,3669.51,0.06750000,0
1506285106,22171664,3669.50,0.08330000,0
1506285105,22171663,3666.45,0.05770000,0
1506285105,22171662,3665.82,0.02920000,0
1506285104,22171661,3664.25,0.00870000,0
1506285093,22171660,3660.03,0.08190000,1
1506285064,22171658,3664.25,0.02100000,0
1506285024,22171648,3663.79,1.52539170,0
1506285024,22171647,3663.25,0.04960000,0
1506285017,22171628,3659.03,0.22255046,0
1506285017,22171627,3658.31,0.01000000,0
1506285017,22171626,3658.31,4.06850308,0
1506285016,22171625,3658.31,7.00000000,0
1506285015,22171624,3658.31,7.00000000,0
1506285014,22171623,3658.31,7.00000000,0
1506285012,22171622,3658.31,12.71000000,0
1506285009,22171620,3658.31,7.73092891,0
1506285008,22171619,3658.29,4.66907109,0
1506285005,22171618,3658.29,0.06271236,0
1506284994,22171612,3658.29,0.02262784,0
1506284989,22171610,3658.29,0.00700000,0
1506284985,22171609,3658.29,0.00858871,0
1506284980,22171607,3658.29,1.00000000,0
1506284980,22171606,3658.31,0.05700000,0
1506284967,22171605,3656.82,0.00200000,1
1506284967,22171604,3656.82,0.00200000,1
1506284966,22171603,3656.82,0.00200000,1
1506284966,22171602,3656.82,0.00200000,1
1506284963,22171601,3658.30,0.00476400,1
1506284962,22171600,3658.31,0.02730496,0
1506284931,22171596,3658.31,0.15628528,0
1506284872,22171581,3658.30,0.00800000,0
1506284862,22171580,3658.31,0.23110000,0
1506284860,22171579,3658.31,0.02190503,0
1506284828,22171574,3658.30,0.03779700,1
1506284796,22171559,3655.61,0.00200000,1
1506284794,22171558,3658.30,0.02900000,0
1506284790,22171557,3658.30,0.00717566,0
1506284767,22171553,3655.57,0.00200000,1
1506284764,22171549,3658.30,0.06355200,0
1506284762,22171548,3658.30,0.02541618,0
1506284757,22171547,3658.30,0.10000000,0
1506284726,22171542,3658.30,0.60500000,0
1506284723,22171541,3655.56,0.00200000,1
1506284719,22171540,3655.60,0.00200000,1
1506284718,22171539,3655.60,0.00200000,1
1506284716,22171538,3658.31,0.41732967,0
1506284710,22171537,3658.31,0.63680000,0
1506284705,22171535,3658.31,1.29516634,0
1506284702,22171533,3658.31,0.02000000,0
1506284702,22171532,3658.31,0.02000000,0
1506284701,22171531,3658.31,0.23837259,0
1506284701,22171530,3655.58,1.00000000,1
1506284699,22171529,3655.55,0.01000000,0
1506284676,22171526,3654.82,0.13000000,0
1506284655,22171521,3650.05,0.00200000,1
1506284655,22171520,3650.05,0.00200000,1
1506284653,22171519,3650.05,0.00200000,1
1506284650,22171517,3656.71,0.10727930,0
1506284650,22171516,3656.69,0.04102070,0
1506284643,22171515,3650.02,0.00200000,1
1506284642,22171514,3650.02,0.00200000,1
1506284640,22171513,3650.02,0.00200000,1
1506284636,22171512,3650.47,0.00200000,1
1506284632,22171511,3650.47,0.07095648,1
1506284632,22171510,3654.23,0.09227359,1
1506284632,22171509,3654.24,0.02424033,1
1506284629,22171508,3654.24,0.00200000,1
1506284624,22171506,3654.24,0.00200000,1
1506284623,22171505,3658.30,0.02730503,0
1506284614,22171500,3655.55,0.00511320,0
1506284599,22171494,3655.55,0.01758609,1
1506284573,22171459,3655.55,0.00200000,1
1506284572,22171455,3655.55,0.02800000,1
1506284572,22171453,3656.10,0.03200000,1
1506284571,22171451,3658.30,1.05370875,0
1506284565,22171448,3658.25,0.04360000,1
1506284555,22171443,3656.10,0.00200000,1
1506284552,22171440,3656.10,0.00200000,1
1506284548,22171432,3658.30,0.24070288,0
1506284547,22171430,3658.25,0.07670684,0
1506284545,22171429,3658.25,0.02329316,1
1506284542,22171423,3658.30,0.02200000,0
1506284542,22171421,3658.25,0.00400000,0
1506284539,22171415,3658.30,0.11054895,0
1506284537,22171413,3656.10,0.00200000,1
1506284535,22171411,3658.26,0.00270636,1
1506284535,22171410,3658.29,1.00114124,1
1506284533,22171404,3658.26,0.01779502,0
1506284531,22171399,3658.26,0.02050138,1
1506284531,22171398,3658.26,0.02050138,1
1506284530,22171396,3658.26,0.02050138,1
1506284530,22171394,3658.28,0.02070084,1
1506284530,22171392,3658.31,0.02363332,0
1506284523,22171384,3658.29,0.13331015,0
1506284521,22171383,3658.28,0.00200000,1
1506284519,22171382,3658.28,0.00200000,1
1506284518,22171378,3658.30,0.03650808,0
1506284513,22171373,3658.31,0.02403890,0
1506284511,22171372,3658.30,0.24695237,0
1506284503,22171368,3658.30,0.02403937,0
1506284502,22171366,3658.30,0.15695237,0
1506284499,22171365,3658.30,0.33072865,1
1506284495,22171360,3658.30,0.03650736,0
1506284493,22171359,3658.31,0.54759416,0
1506284492,22171358,3658.30,0.02452814,1
1506284489,22171353,3658.30,0.02452856,1
1506284484,22171347,3658.29,0.02442803,0
1506284483,22171346,3658.29,0.88438903,0
1506284480,22171342,3658.30,0.02442676,0
1506284476,22171339,3658.29,0.05404721,0
1506284472,22171333,3658.29,0.15430627,0
1506284466,22171329,3658.31,0.02508535,0
1506284464,22171327,3656.10,0.00200000,1
1506284463,22171326,3658.30,0.38762214,1
1506284463,22171325,3658.31,0.01900000,0
1506284462,22171321,3658.31,0.72995241,0
1506284461,22171320,3658.30,0.00753527,0
1506284461,22171319,3658.29,0.00179091,0
1506284460,22171313,3658.29,0.03921185,0
1506284459,22171311,3655.55,0.00200000,1
1506284456,22171308,3658.30,0.11613600,0
1506284454,22171297,3658.30,0.02648800,0
1506284454,22171294,3655.55,3.42866468,1
1506284452,22171289,3655.55,0.00200000,1
1506284451,22171288,3658.30,0.47693557,0
1506284451,22171284,3658.30,0.17290516,0
1506284446,22171282,3656.72,0.00200000,1
1506284443,22171279,3660.00,0.02672940,0
1506284443,22171276,3655.55,0.51974923,1
1506284443,22171275,3657.61,0.00249735,1
1506284443,22171274,3659.00,0.01800000,1
1506284439,22171267,3659.00,0.00200000,1
1506284436,22171266,3660.96,0.20041738,1
1506284435,22171265,3661.16,0.04740000,1
1506284435,22171264,3661.98,0.02048056,1
1506284435,22171263,3662.00,0.09100000,1
1506284432,22171256,3662.00,0.00500000,1
1506284425,22171253,3662.00,0.00200000,1
1506284420,22171250,3662.00,0.00200000,1
1506284416,22171249,3665.56,0.02725095,0
1506284318,22171185,3665.84,0.17485893,0
1506284317,22171184,3665.84,0.00752268,0
1506284317,22171183,3665.84,0.01795769,0
1506284304,22171176,3665.88,0.51283880,0
1506284294,22171175,3665.87,0.17450116,1
1506284294,22171174,3665.88,0.01711627,1
1506284291,22171173,3666.00,0.02475428,0
1506284285,22171167,3666.00,0.03000000,1
1506284278,22171166,3666.94,0.03062354,0
1506284274,22171163,3666.96,0.02256900,0
1506284260,22171152,3666.98,0.04201385,0
1506284255,22171149,3667.00,0.01929958,0
1506284252,22171148,3669.00,0.02000000,1
1506284252,22171147,3669.88,0.00013432,1
1506284251,22171146,3669.88,0.01433265,1
1506284251,22171145,3670.10,0.00700636,0
1506284247,22171138,3670.68,2.71970000,1
1506284244,22171135,3670.76,0.01000000,1
1506284226,22171131,3676.59,1.43340000,0
1506284224,22171130,3676.60,0.00176341,0
1506284222,22171129,3676.60,0.01000000,0
1506284222,22171128,3676.60,0.02306582,0
1506284220,22171127,3676.60,0.02000000,0
1506284218,22171126,3676.59,0.00291469,1
1506284212,22171125,3676.60,0.01000000,0
1506284206,22171124,3676.59,0.02180357,0
1506284201,22171123,3676.60,0.01000000,0
1506284198,22171120,3676.60,0.00600000,0
1506284193,22171118,3676.60,0.09217455,0
1506284183,22171116,3676.60,0.79119834,0
1506284183,22171115,3676.56,0.23018929,0
1506284168,22171111,3670.60,0.00612727,1
1506284163,22171110,3676.59,0.84270000,0
1506284146,22171109,3670.50,0.01309835,1
1506284146,22171108,3672.83,0.01406545,1
1506284131,22171106,3676.60,0.44538157,0
1506284071,22171092,3676.60,0.25400000,0
1506284046,22171089,3675.70,0.01400000,0
1506284046,22171088,3675.70,0.02033734,0
1506284045,22171087,3676.59,0.03618469,0
1506284045,22171086,3673.14,0.01000000,0
1506284045,22171085,3672.83,0.02381531,0
1506283974,22171081,3672.83,0.39510000,0
1506283954,22171078,3672.57,0.01200000,0
1506283943,22171075,3672.86,0.30440000,0
1506283933,22171074,3672.82,0.38193633,0
1506283923,22171067,3669.87,0.13602400,0
1506283921,22171059,3672.89,0.01222758,0
1506283921,22171057,3669.88,0.00356103,0
1506283911,22171055,3669.88,0.32229302,0
1506283899,22171050,3669.88,0.01200000,0
1506283892,22171048,3665.89,0.01218647,1
1506283861,22171034,3673.07,0.01400000,0
1506283860,22171032,3665.88,0.05350000,1
1506283855,22171030,3669.55,0.18099800,0
1506283853,22171028,3665.87,0.00000558,0
1506283850,22171026,3665.87,0.05167442,0
1506283850,22171025,3665.87,0.12968612,0
1506283848,22171019,3661.07,1.58442919,0
1506283848,22171017,3661.07,0.03838900,0
1506283847,22171015,3663.63,0.03537475,1
1506283847,22171014,3663.63,0.12968022,0
1506283847,22171013,3663.66,0.90212684,1
1506283846,22171011,3669.54,0.03000000,1
1506283842,22171010,3673.14,0.40471600,0
1506283834,22171008,3672.91,0.03311481,0
1506283831,22171006,3672.91,1.88300000,0
1506283823,22171005,3673.10,0.25022010,0
1506283810,22171000,3669.54,0.04087717,1
1506283805,22170999,3669.54,0.03549287,1
1506283805,22170998,3669.54,0.03839437,0
1506283793,22170993,3669.55,0.03000000,0
1506283785,22170988,3671.03,0.02499455,0
1506283785,22170987,3671.03,0.07000000,0
1506283783,22170986,3671.03,0.03000000,1
1506283770,22170976,3663.80,0.03839437,0
1506283769,22170971,3666.29,0.02201953,1
1506283769,22170970,3669.21,0.00858610,1
1506283769,22170967,3671.05,0.60985992,0
1506283760,22170966,3673.05,0.08541210,0
1506283756,22170963,3673.05,0.08520571,1
1506283755,22170954,3666.28,0.00931181,1
1506283754,22170953,3667.74,0.05280000,1
1506283754,22170952,3667.75,0.90606991,1
1506283743,22170945,3673.16,0.00632300,0
1506283726,22170944,3675.25,0.01102824,0
1506283723,22170942,3675.28,0.14040000,0
1506283711,22170941,3676.60,0.00630263,0
1506283706,22170940,3676.59,0.00650000,0
1506283697,22170938,3676.60,0.00500000,0
1506283696,22170937,3676.60,4.07018861,0
1506283691,22170934,3676.60,1.17663886,0
1506283690,22170932,3676.59,0.02080862,0
1506283676,22170917,3676.60,0.07131008,0
1506283660,22170916,3676.60,0.00714990,0
1506283660,22170914,3674.31,0.01286681,1
1506283655,22170913,3676.60,0.00321103,0
1506283654,22170912,3676.60,1.75740000,0
1506283653,22170911,3676.59,1.04690000,0
1506283651,22170910,3676.59,2.12980000,0
1506283649,22170882,3676.60,0.04720373,0
1506283642,22170875,3674.31,0.02064883,0
1506283636,22170870,3669.79,0.03176419,1
1506283632,22170869,3674.31,1.15070000,0
1506283623,22170868,3674.31,0.01292154,0
1506283617,22170867,3674.31,0.04931700,0
1506283601,22170865,3674.31,0.46703245,0
1506283595,22170864,3674.31,0.05400000,0
1506283592,22170863,3674.31,0.01573356,0
1506283586,22170859,3674.31,0.98537634,0
1506283579,22170857,3674.31,0.05962523,0
1506283579,22170856,3674.28,0.03482432,0
1506283571,22170855,3671.26,0.00380000,1
1506283558,22170853,3671.41,0.00200000,1
1506283555,22170852,3674.28,0.00600000,0
1506283546,22170850,3670.03,0.07431892,1
1506283537,22170846,3671.38,0.00200000,1
1506283537,22170845,3674.31,0.01000000,0
1506283533,22170844,3674.31,0.02103051,0
1506283529,22170843,3674.31,0.07132377,0
1506283528,22170842,3674.31,0.01753200,0
1506283523,22170840,3671.38,0.00200000,1
1506283520,22170835,3674.31,0.06052006,0
1506283516,22170825,3674.32,0.03566370,0
1506283516,22170824,3675.85,0.16101738,1
1506283511,22170823,3675.85,0.00200000,1
1506283510,22170821,3678.00,0.35899996,1
1506283510,22170820,3675.85,0.18200004,0
1506283509,22170819,3675.85,0.01115950,0
1506283508,22170817,3675.85,4.00000000,0
1506283507,22170816,3676.69,0.01000000,1
1506283507,22170815,3678.00,0.27683877,1
1506283501,22170814,3681.29,2.70830000,0
1506283485,22170813,3678.01,0.00200000,1
1506283483,22170812,3683.24,0.00900000,0
1506283482,22170811,3683.24,5.00000000,0
1506283479,22170810,3678.00,0.00200000,1
1506283475,22170809,3683.26,0.00425285,0
1506283474,22170808,3678.00,0.00200000,1
1506283471,22170807,3681.10,4.00000000,0
1506283471,22170805,3681.10,0.90000000,0
1506283470,22170804,3681.10,0.00356632,0
1506283470,22170803,3681.11,0.87150000,1
1506283470,22170802,3681.12,0.87150000,1
1506283469,22170801,3681.14,0.54000000,1
1506283469,22170800,3685.55,0.09454149,0
1506283459,22170794,3681.40,0.02000000,0
1506283448,22170790,3687.09,0.12073914,0
1506283446,22170788,3684.98,0.00370800,0
1506283443,22170784,3684.98,0.00629200,0
1506283402,22170761,3680.75,4.01984034,0
1506283401,22170759,3680.75,0.02711821,0
1506283400,22170755,3680.75,0.43047955,0
1506283399,22170754,3680.75,0.01300000,0
1506283398,22170752,3680.99,0.00650051,1
1506283390,22170751,3685.58,0.00500000,0
1506283386,22170750,3685.59,0.00138371,1
1506283381,22170748,3685.75,0.00356564,0
1506283374,22170747,3685.75,0.01000000,0
1506283357,22170744,3684.98,0.01061299,0
1506283349,22170743,3685.74,0.00800000,0
1506283346,22170742,3685.75,0.00920000,0
1506283326,22170740,3684.58,2.70340039,0
1506283324,22170738,3685.00,0.71073961,1
1506283311,22170734,3687.36,0.01450000,0
1506283301,22170733,3689.65,0.04220000,0
1506283282,22170731,3687.34,0.53900000,0
1506283279,22170730,3687.24,1.33049907,0
1506283279,22170729,3687.34,0.53900000,1
1506283279,22170728,3689.11,0.53900000,1
1506283274,22170726,3688.80,4.00000000,1
1506283271,22170725,3691.38,0.24610067,0
1506283270,22170722,3691.28,0.08400000,0
1506283267,22170721,3691.28,0.04072889,1
1506283251,22170720,3693.14,0.01100000,0
1506283244,22170719,3693.17,2.06038985,0
1506283243,22170718,3691.28,0.00107482,0
1506283232,22170716,3691.27,0.01200000,0
1506283231,22170715,3689.07,0.00348720,1
1506283231,22170714,3689.08,0.01820283,1
1506283227,22170713,3689.09,2.66380993,1
1506283225,22170712,3691.28,0.03295158,0
1506283212,22170710,3691.28,0.01000000,0
1506283199,22170709,3694.97,0.02230900,0
1506283177,22170691,3690.23,0.04000000,1
1506283146,22170673,3694.98,0.06312385,0
1506283142,22170671,3694.98,0.90135535,0
1506283142,22170670,3694.00,0.05702287,0
1506283141,22170669,3693.99,0.00980350,1
1506283058,22170636,3694.00,0.03152908,0
1506283049,22170632,3694.00,0.00869821,0
1506283038,22170628,3694.00,0.03707299,0
1506283024,22170625,3693.22,0.43334343,0
1506283024,22170624,3693.22,0.01000000,0
1506282992,22170619,3686.10,0.00707000,1
1506282991,22170618,3693.20,0.00700000,0
1506282981,22170612,3686.09,0.01000000,1
1506282969,22170590,3693.23,0.06885852,0
1506282961,22170587,3686.09,0.54300000,1
1506282947,22170585,3693.21,0.01300000,0
1506282903,22170570,3685.09,0.04129774,0
1506282903,22170569,3685.09,0.01163500,0
1506282887,22170562,3684.39,0.00680350,0
1506282881,22170561,3683.68,0.24707225,1
1506282866,22170558,3694.94,0.06149548,0
1506282856,22170555,3688.08,0.01710650,1
1506282838,22170553,3694.95,0.35000000,0
1506282833,22170552,3688.20,0.04067025,0
1506282819,22170550,3688.21,2.70510000,0
1506282811,22170549,3689.78,0.58099104,1
1506282811,22170548,3690.00,0.35631599,1
1506282810,22170547,3690.05,0.08659297,1
1506282806,22170545,3694.96,0.89940192,0
1506282773,22170524,3694.97,0.01400000,0
1506282741,22170520,3690.00,2.21790000,1
1506282738,22170519,3694.99,3.58044733,0
1506282737,22170518,3694.98,0.18000000,0
1506282737,22170517,3694.98,5.72495200,0
1506282737,22170516,3694.97,0.47400000,0
1506282737,22170515,3694.52,0.04060067,0
1506282735,22170514,3690.00,2.78210000,1
1506282723,22170510,3690.00,0.01100000,1
1506282719,22170509,3694.53,0.25256763,0
1506282719,22170508,3694.53,0.04060056,0
1506282719,22170507,3692.39,0.01214322,0
1506282707,22170505,3690.00,0.08529200,1
1506282700,22170499,3690.00,2.97056301,1
1506282700,22170498,3690.01,0.02943699,1
1506282697,22170497,3692.39,0.00500000,0
1506282686,22170496,3690.00,5.63772900,1
1506282685,22170495,3690.00,35.44000000,0
1506282685,22170494,3689.99,0.20000000,0
1506282685,22170493,3689.96,0.87760000,0
1506282685,22170492,3689.03,6.08000000,0
1506282685,22170491,3689.02,4.96000000,0
1506282685,22170490,3688.99,6.00000000,0
1506282684,22170489,3688.97,0.17685732,0
1506282684,22170488,3688.97,0.69464268,0
1506282684,22170487,3687.05,0.01000000,0
1506282671,22170482,3688.97,0.17685732,0
1506282671,22170481,3688.93,0.04000000,0
1506282661,22170477,3689.00,1.20664407,1
1506282659,22170476,3688.59,0.03340000,0
1506282657,22170473,3688.59,0.04000000,0
1506282657,22170472,3687.05,0.01000000,0
1506282636,22170470,3686.38,1.97870539,0
1506282636,22170469,3686.34,0.87150000,0
1506282635,22170468,3684.00,0.02398692,0
1506282569,22170454,3684.30,0.81227880,0
1506282567,22170453,3682.58,0.18772120,0
1506282544,22170451,3684.24,0.07884500,0
1506282541,22170450,3679.11,0.22662463,1
1506282541,22170449,3679.66,0.01837537,1
1506282540,22170447,3684.24,0.00600000,0
1506282530,22170446,3682.30,0.98844430,0
1506282523,22170445,3682.31,0.02300000,0
1506282510,22170442,3679.66,0.04905330,1
1506282510,22170441,3679.69,0.02142670,1
1506282474,22170438,3684.28,0.37781041,0
1506282468,22170432,3684.28,0.00700000,0
1506282466,22170431,3679.66,0.02715532,1
1506282463,22170430,3684.29,0.02208354,0
1506282451,22170423,3679.66,0.01629263,1
1506282451,22170422,3679.77,0.00271460,1
1506282428,22170416,3684.72,0.03200000,0
1506282410,22170408,3684.73,0.00800000,0
1506282406,22170406,3680.08,0.00734000,1
1506282372,22170401,3687.04,0.00700000,0
1506282372,22170399,3680.07,0.00269100,1
1506282366,22170398,3687.04,0.01578298,0
1506282342,22170393,3679.65,0.05376848,1
1506282341,22170392,3679.57,1.90090000,1
1506282336,22170389,3679.43,0.02711200,1
1506282330,22170386,3679.61,0.02711100,1
1506282325,22170385,3679.72,0.02711000,1
1506282324,22170384,3688.47,0.30739795,0
1506282319,22170382,3679.68,0.02711100,1
1506282314,22170380,3679.44,0.02711200,1
1506282306,22170379,3679.56,0.02711100,1
1506282301,22170356,3679.59,0.02711100,1
1506282295,22170354,3679.45,0.02711200,1
1506282290,22170352,3679.62,0.00422200,0
1506282289,22170351,3679.66,0.02288900,1
1506282285,22170350,3679.66,0.00211100,0
1506282283,22170349,3679.47,0.02711200,1
1506282280,22170347,3679.66,0.02500000,0
1506282277,22170346,3679.54,0.02711200,1
1506282269,22170345,3679.65,0.00200000,1
1506282265,22170344,3679.62,0.02711100,1
1506282254,22170342,3687.44,0.06306800,0
1506282221,22170327,3687.47,0.05907238,0
1506282213,22170323,3689.93,26.76823559,0
1506282212,22170322,3689.92,0.22000000,1
1506282212,22170321,3689.92,0.13900000,1
1506282212,22170320,3689.90,5.43660000,1
1506282211,22170318,3689.87,0.90000000,1
1506282211,22170317,3688.04,0.00755422,0
1506282211,22170316,3687.83,0.04650000,0
1506282210,22170315,3687.83,2.71430000,1
1506282210,22170314,3687.48,6.74210100,0
1506282210,22170313,3687.48,6.80000000,1
1506282209,22170312,3687.46,0.87150000,1
1506282209,22170311,3686.67,0.01610000,0
1506282209,22170310,3686.64,1.00000000,1
1506282209,22170309,3684.58,0.01850000,0
1506282208,22170308,3684.58,4.00000000,1
1506282208,22170307,3684.40,4.18000000,0
1506282207,22170306,3682.72,0.06370000,0
1506282207,22170305,3682.06,0.06061491,0
1506282206,22170304,3682.06,0.02488509,0
1506282205,22170303,3680.16,0.03000000,0
1506282205,22170300,3679.88,0.50670720,0
1506282201,22170297,3679.88,0.02509066,0
1506282186,22170285,3679.21,2.71720000,0
1506282177,22170280,3676.60,1.28235100,0
1506282165,22170276,3676.60,0.02150033,0
1506282157,22170275,3676.60,1.08741365,0
1506282141,22170267,3676.60,0.03000000,0
1506282134,22170266,3672.44,0.01420000,1
1506282124,22170265,3676.60,0.03331828,0
1506282123,22170264,3676.60,0.01106200,0
1506282123,22170263,3676.59,0.02509705,0
1506282121,22170262,3676.60,0.64560000,0
1506282121,22170261,3676.60,0.06217137,0
1506282108,22170253,3676.60,0.00803931,0
1506282092,22170249,3676.60,0.03100000,0
1506282084,22170245,3675.09,2.67747828,0
1506282083,22170243,3675.09,0.12895909,0
1506282082,22170242,3676.60,0.01120000,0
1506282082,22170241,3676.60,0.01100000,0
1506282082,22170240,3676.60,0.03400000,0
1506282081,22170239,3676.60,0.01200000,0
1506282081,22170238,3676.60,0.01050000,0
1506282081,22170237,3676.60,0.01040000,0
1506282080,22170236,3676.60,0.12895760,0
1506282080,22170235,3676.60,0.04999984,0
1506282079,22170234,3676.60,0.01040000,0
1506282079,22170233,3676.60,0.04660000,0
1506282078,22170232,3676.60,0.01060000,0
1506282078,22170231,3676.60,0.12895882,0
1506282078,22170230,3676.60,0.04400000,0
1506282077,22170229,3676.60,0.01020000,0
1506282077,22170228,3676.60,0.01000000,0
1506282077,22170227,3676.60,0.04162780,0
1506282077,22170226,3675.14,0.08732997,0
1506282077,22170225,3675.14,0.01722400,0
1506282077,22170224,3675.13,0.01000000,0
1506282075,22170223,3675.12,0.06664556,0
1506282075,22170222,3675.11,0.04081510,0
1506282039,22170201,3669.35,0.61311472,0
1506282039,22170200,3672.00,0.19020000,1
1506282039,22170199,3672.01,0.04325151,1
1506282038,22170197,3672.01,0.33257063,1
1506282038,22170196,3672.04,0.00900000,0
1506282037,22170194,3672.13,0.95918232,0
1506282036,22170193,3672.13,0.87150000,1
1506282033,22170191,3675.14,0.04517288,0
1506282017,22170182,3675.13,0.00800000,0
1506281975,22170175,3675.14,0.00407080,0
1506281973,22170174,3675.14,0.02620235,0
1506281948,22170170,3676.59,0.06481005,0
1506281948,22170169,3676.31,0.12543157,0
1506281946,22170168,3674.53,0.06212262,0
1506281943,22170166,3674.53,0.02238965,0
1506281938,22170165,3674.53,0.05541163,0
1506281938,22170164,3674.53,0.01738091,0
1506281931,22170163,3674.53,0.03163234,0
1506281917,22170157,3674.53,0.05106285,0
1506281916,22170156,3671.49,0.00227454,0
1506281895,22170148,3671.49,0.00358092,0
1506281895,22170147,3671.49,0.00414454,0
1506281894,22170146,3671.49,0.21520165,0
1506281894,22170145,3671.48,0.00585546,0
1506281889,22170142,3671.48,0.02300000,0
1506281881,22170140,3670.77,0.05440282,1
1506281833,22170130,3671.48,0.01200000,0
1506281714,22170120,3669.93,0.07942825,1
1506281711,22170119,3671.49,0.00900000,0
1506281694,22170117,3671.49,0.01579835,0
1506281672,22170113,3668.36,0.01363771,0
1506281658,22170109,3676.51,0.00600000,0
1506281653,22170108,3663.75,0.98897598,1
1506281653,22170107,3666.28,0.09970000,1
1506281653,22170106,3667.43,0.02000000,1
1506281653,22170105,3667.63,0.08530000,1
1506281653,22170104,3667.67,2.71590000,1
1506281649,22170103,3676.30,0.00405685,0
1506281646,22170102,3676.31,0.02496253,0
1506281634,22170098,3676.28,0.07257313,0
1506281620,22170074,3676.11,0.01100000,0
1506281583,22170069,3676.39,0.10998100,0
1506281546,22170062,3676.55,0.03200000,0
1506281544,22170061,3676.52,0.01378278,0
1506281523,22170052,3676.65,0.10000000,0
1506281509,22170048,3676.60,0.00900000,0
1506281493,22170035,3676.70,0.00509423,0
1506281485,22170034,3676.71,0.01000000,0
1506281471,22170033,3676.71,0.00813103,0
1506281437,22170021,3676.71,0.04000000,0
1506281436,22170020,3676.67,0.01000000,0
1506281421,22170017,3676.71,0.00700000,0
1506281406,22170011,3676.70,0.02495981,0
1506281403,22170006,3676.71,0.01484900,0
1506281395,22170003,3673.62,0.04211932,1
1506281388,22170001,3676.67,0.00537394,0
1506281372,22169997,3672.81,0.12970700,1
1506281365,22169995,3676.69,0.01000000,0
1506281363,22169993,3676.69,0.27268820,0
1506281360,22169992,3676.69,0.19805042,0
1506281342,22169990,3676.62,0.00532752,0
1506281337,22169989,3676.60,0.01306960,0
1506281331,22169988,3676.71,0.07162523,0
1506281305,22169983,3674.54,1.19078894,1
1506281304,22169982,3674.54,0.04629800,0
1506281304,22169981,3674.54,0.12199474,0
1506281286,22169971,3674.54,0.02497455,0
1506281238,22169954,3674.54,0.07303071,0
1506281222,22169950,3672.18,0.12543156,1
1506281207,22169944,3679.88,0.29590000,0
1506281204,22169943,3678.08,0.01000000,0
1506281203,22169941,3678.08,0.04999989,0
1506281202,22169940,3679.88,0.01140000,0
1506281201,22169939,3679.88,0.01911340,0
1506281201,22169938,3679.88,0.04999984,0
1506281201,22169937,3679.88,0.01030000,0
1506281200,22169936,3679.88,0.04310000,0
1506281199,22169935,3676.13,0.04999989,0
1506281199,22169934,3679.88,0.01120000,0
1506281199,22169933,3679.88,0.02718890,0
1506281198,22169932,3679.85,0.01000000,0
1506281198,22169931,3679.85,0.00363647,0
1506281198,22169930,3677.51,0.04636342,0
1506281197,22169928,3676.35,0.04200000,0
1506281197,22169927,3676.35,0.04999999,0
1506281197,22169925,3676.35,0.01060000,0
1506281196,22169922,3676.35,0.01020000,0
1506281196,22169921,3676.35,0.06041454,0
1506281195,22169920,3676.35,0.01026353,0
1506281195,22169919,3675.33,0.01000000,0
1506281195,22169918,3674.81,0.02973636,0
1506281194,22169917,3674.81,0.01120000,0
1506281194,22169916,3674.81,0.01020000,0
1506281193,22169915,3674.81,0.01000000,0
1506281176,22169899,3674.80,0.02700000,0
1506281170,22169886,3671.82,0.47686181,1
1506281167,22169884,3671.78,1.66000000,1
1506281157,22169876,3674.81,0.01400000,0
1506281145,22169866,3674.81,0.14185223,0
1506281116,22169859,3671.52,0.02720000,1
1506281112,22169858,3674.81,0.00301141,0
1506281105,22169854,3676.02,0.03412571,0
1506281089,22169845,3671.53,0.20000000,1
1506281088,22169843,3671.46,0.04530347,1
1506281087,22169842,3671.50,0.06657628,1
1506281084,22169831,3671.50,0.00325805,1
1506281083,22169830,3671.52,0.03679502,1
1506281082,22169828,3677.51,0.03182658,0
1506281072,22169821,3673.87,2.68945161,0
1506281070,22169820,3676.18,0.02934839,1
1506281068,22169819,3669.40,0.09574142,1
1506281068,22169818,3669.43,0.10425858,1
1506281059,22169813,3677.31,0.83013404,0
1506281058,22169812,3677.23,0.90000000,1
1506281058,22169811,3677.23,4.00000000,1
1506281058,22169810,3677.21,1.74300000,1
1506281057,22169809,3676.17,0.01000000,0
1506281057,22169808,3676.17,0.87150000,1
1506281056,22169807,3676.04,0.89574142,0
1506281056,22169806,3674.00,0.49183813,0
1506281056,22169805,3672.77,0.08860000,0
1506281055,22169804,3667.99,0.06640000,0
1506281055,22169803,3667.85,0.00778641,0
1506281053,22169802,3667.27,0.18000000,0
1506281036,22169796,3667.85,0.05781359,0
1506281036,22169794,3667.28,0.00778641,0
1506281020,22169788,3667.28,0.03000000,0
1506281018,22169787,3667.28,0.09547258,0
1506281012,22169785,3667.28,0.04674101,0
1506280996,22169784,3667.84,0.01438345,0
1506280995,22169783,3667.84,0.01178070,0
1506280995,22169782,3667.21,0.01997200,0
1506280941,22169746,3667.21,0.00500000,0
1506280924,22169742,3667.21,0.12702800,0
1506280922,22169738,3667.00,0.00581934,1
1506280922,22169737,3667.01,0.02610386,1
1506280922,22169734,3667.21,0.00800000,0
1506280897,22169718,3666.67,0.04060000,0
1506280889,22169716,3663.08,0.16000000,1
1506280884,22169715,3664.33,0.05815874,0
1506280872,22169713,3664.33,0.00359671,0
1506280870,22169709,3660.32,0.16000000,0
1506280868,22169708,3660.00,1.46550036,0
1506280868,22169707,3660.00,7.00000000,0
1506280865,22169704,3658.88,0.04069200,0
1506280847,22169702,3655.33,0.03171118,1
1506280831,22169675,3657.72,0.00677916,1
1506280809,22169671,3660.00,3.24937978,0
1506280807,22169670,3658.88,0.01000000,0
1506280807,22169669,3658.88,0.01538511,0
1506280805,22169666,3658.88,0.02508144,0
1506280804,22169663,3658.88,0.00793800,0
1506280803,22169661,3658.88,0.24318097,0
1506280796,22169658,3658.88,0.04773492,0
1506280795,22169657,3658.88,0.03954874,0
1506280790,22169656,3658.88,0.01725391,0
1506280782,22169655,3658.88,0.02450515,0
1506280778,22169654,3658.88,0.05000000,0
1506280776,22169653,3658.88,0.07000272,0
1506280773,22169652,3658.88,0.04200000,0
1506280770,22169651,3658.88,0.05000000,0
1506280769,22169650,3658.88,0.03447443,0
1506280768,22169649,3658.88,0.01000000,0
1506280768,22169648,3658.88,0.03443547,0
1506280767,22169647,3658.88,0.01556453,0
1506280763,22169645,3658.88,0.21500000,0
1506280758,22169644,3658.88,0.00321156,0
1506280756,22169643,3657.59,0.08009897,1
1506280751,22169642,3658.88,0.01556453,0
1506280740,22169640,3658.88,0.00437506,1
1506280703,22169638,3655.03,0.00553555,1
1506280688,22169637,3655.02,0.01700000,1
1506280687,22169636,3658.88,0.03911852,0
1506280687,22169635,3658.17,0.08177497,0
1506280687,22169634,3658.17,0.12543156,0
1506280686,22169632,3658.17,0.12543157,0
1506280686,22169631,3658.17,0.02508631,0
1506280685,22169628,3658.16,0.00452910,0
1506280660,22169624,3658.17,0.00875012,0
1506280658,22169617,3658.17,0.07191591,0
1506280641,22169614,3658.17,0.53830544,0
1506280628,22169609,3658.17,0.07189317,0
1506280626,22169607,3658.16,0.02508638,0
1506280608,22169600,3658.16,0.01068939,0
1506280607,22169599,3658.16,1.23212448,0
1506280605,22169594,3658.16,0.31380259,0
1506280602,22169577,3658.16,0.04482931,1
1506280568,22169557,3658.16,0.21233435,0
1506280565,22169554,3654.43,0.00500000,1
1506280546,22169551,3658.16,0.02664097,0
1506280543,22169549,3658.17,0.30664259,0
1506280541,22169547,3658.17,0.04394273,0
1506280538,22169545,3658.17,0.00800000,0
1506280532,22169544,3658.17,0.01385214,0
1506280521,22169542,3658.17,0.01100000,0
1506280510,22169540,3654.50,0.19617759,0
1506280508,22169539,3658.16,0.04773897,0
1506280507,22169538,3658.17,0.10000000,0
1506280502,22169536,3655.96,0.22423104,1
1506280501,22169535,3657.00,0.00546896,1
1506280491,22169532,3658.17,0.53964000,0
1506280491,22169531,3658.16,0.01000000,0
1506280479,22169528,3658.17,1.50220000,0
1506280454,22169524,3658.16,0.07308030,0
1506280434,22169523,3658.16,0.65065638,0
1506280420,22169522,3658.16,1.34413097,0
1506280420,22169521,3658.16,0.12246320,0
1506280377,22169519,3658.16,0.13802876,0
1506280373,22169517,3658.16,0.00520000,0
1506280359,22169516,3658.16,0.95804995,0
1506280342,22169512,3658.16,0.04531985,0
1506280334,22169510,3657.38,0.05287818,0
1506280331,22169507,3658.17,1.36625690,0
1506280330,22169506,3657.39,0.04101285,0
1506280324,22169504,3658.16,0.02159000,0
1506280316,22169496,3657.76,2.72660000,1
1506280315,22169495,3658.17,0.04629806,0
1506280309,22169494,3658.07,0.08753514,1
1506280309,22169493,3658.07,5.00000000,1
1506280308,22169492,3658.07,6.99398052,1
1506280308,22169491,3658.12,0.00601948,1
1506280303,22169487,3658.17,0.01347853,1
1506280298,22169480,3659.98,0.04375980,0
1506280293,22169478,3658.17,0.00422756,1
1506280265,22169445,3659.98,0.25346517,0
1506280264,22169443,3659.99,0.06508900,0
1506280246,22169441,3658.18,0.01370603,1
1506280244,22169440,3659.99,0.01700000,0
1506280231,22169437,3659.98,0.16815346,0
1506280214,22169429,3659.99,0.01772000,0
1506280209,22169428,3659.99,0.02725417,0
1506280205,22169425,3659.99,0.10029535,0
1506280204,22169423,3659.99,0.01700000,0
1506280203,22169422,3659.58,0.84015077,0
1506280203,22169421,3659.55,0.15984923,0
1506280186,22169419,3659.55,0.01800000,0
1506280177,22169418,3658.11,0.00500000,1
1506280162,22169412,3659.55,0.00600000,0
1506280145,22169411,3659.55,0.06269077,0
1506280109,22169402,3658.07,0.14000000,1
1506280096,22169401,3656.71,0.09000000,0
1506280093,22169400,3656.25,1.00000000,0
1506280090,22169399,3656.71,0.05000000,0
1506280085,22169396,3659.48,0.13958723,0
1506280082,22169395,3659.49,0.01881911,0
1506280081,22169394,3659.49,0.02388089,0
1506280081,22169393,3659.49,0.01385647,0
1506280080,22169392,3659.49,0.01614353,0
1506280073,22169390,3654.42,0.04466058,0
1506280071,22169388,3654.42,0.09533942,0
1506280062,22169386,3656.57,0.02732180,0
1506280061,22169385,3656.57,0.13618501,0
1506280061,22169384,3659.49,0.05713158,0
1506280061,22169383,3656.09,0.04286842,0
1506280053,22169382,3656.09,0.02728220,0
1506280052,22169381,3656.08,0.21791350,0
1506280051,22169380,3656.08,0.03373741,0
1506280051,22169379,3654.32,0.06392998,0
1506280050,22169378,3654.32,0.02729520,0
1506280050,22169377,3654.32,0.02877482,0
1506280045,22169376,3655.71,0.24641128,0
1506280045,22169375,3655.71,0.01000000,0
1506280044,22169374,3656.09,0.00380028,0
1506280044,22169373,3656.09,0.04209972,0
1506280043,22169372,3654.24,0.03261276,0
1506280038,22169360,3654.24,0.03016056,0
1506280038,22169359,3652.42,0.03258765,0
1506280031,22169349,3654.24,0.00565097,0
1506280030,22169342,3654.24,0.05157571,0
1506280022,22169327,3656.08,0.01493556,0
1506280021,22169325,3656.09,0.01365254,0
1506280020,22169323,3656.08,0.11684295,0
1506280011,22169322,3656.08,0.65230000,0
1506280011,22169321,3654.94,0.12000000,0
1506280003,22169318,3656.08,0.01300000,0
1506280001,22169317,3656.09,0.02261460,0
1506279998,22169316,3652.00,0.89775497,1
1506279997,22169315,3652.01,0.02786684,1
1506279997,22169314,3652.77,0.00736000,1
1506279997,22169313,3654.97,0.96413648,0
1506279995,22169312,3655.43,0.10288171,1
1506279992,22169311,3655.43,0.05000000,1
1506279990,22169310,3655.18,0.12000000,0
1506279981,22169309,3656.08,0.00200000,0
1506279978,22169308,3656.08,0.00594898,0
1506279976,22169307,3656.08,0.80568750,0
1506279971,22169306,3656.09,0.00358359,0
1506279963,22169301,3656.00,0.00750000,0
1506279962,22169300,3652.77,0.00984000,1
1506279962,22169299,3653.43,0.04000000,1
1506279942,22169296,3656.09,0.02220000,1
1506279932,22169294,3656.34,0.01000000,0
1506279931,22169293,3659.95,0.01000000,0
1506279927,22169292,3656.90,0.89520000,1
1506279927,22169291,3657.11,0.06500000,1
1506279925,22169290,3659.55,0.03980000,1
1506279913,22169289,3659.96,0.00790000,0
1506279913,22169288,3659.96,0.86090000,0
1506279911,22169287,3660.00,1.89130000,0
1506279910,22169286,3659.97,0.06386100,0
1506279906,22169284,3660.00,0.00500000,0
1506279906,22169283,3660.00,0.18881986,1
1506279902,22169281,3664.85,0.04770000,0
1506279893,22169279,3660.00,5.81118014,1
1506279893,22169278,3660.00,0.18881986,1
1506279882,22169268,3664.92,0.00616985,0
1506279881,22169267,3664.78,0.04093015,0
1506279881,22169266,3664.77,0.16690000,0
1506279879,22169265,3660.00,0.19900000,1
1506279874,22169264,3664.60,0.02727390,0
1506279857,22169259,3660.00,49.34231700,1
1506279857,22169258,3660.01,0.35768300,1
1506279851,22169257,3664.92,0.48230000,0
1506279845,22169256,3664.81,0.12520328,0
1506279810,22169252,3666.42,0.01700000,0
1506279798,22169244,3664.62,0.34068300,1
1506279796,22169241,3660.93,0.58473991,1
1506279795,22169239,3660.00,10.55391754,1
1506279794,22169238,3660.00,0.15430829,0
1506279794,22169237,3660.01,0.24000000,0
1506279794,22169236,3660.01,1.80170000,0
1506279793,22169235,3660.71,7.00000000,1
1506279793,22169234,3660.78,0.87150000,0
1506279792,22169233,3661.63,0.07310000,1
1506279792,22169232,3662.31,0.07190000,1
1506279792,22169231,3663.92,0.09890000,1
1506279791,22169230,3664.05,0.00828318,1
1506279791,22169229,3665.54,4.00000000,0
1506279790,22169228,3666.30,0.00139099,1
1506279790,22169227,3666.43,0.09500000,0
1506279788,22169226,3666.43,0.03000000,1
1506279785,22169221,3666.44,0.12515956,0
1506279764,22169207,3666.46,2.09180053,1
1506279763,22169206,3666.46,2.19830000,1
1506279751,22169203,3666.45,0.02961106,1
1506279750,22169202,3671.55,0.02500000,0
1506279743,22169201,3671.62,0.04763495,0
1506279739,22169200,3672.12,0.14262272,0
1506279731,22169199,3670.21,0.03630829,0
1506279710,22169194,3669.78,0.03900000,0
1506279667,22169181,3669.86,4.82872099,0
1506279659,22169177,3672.22,0.01000008,0
1506279657,22169176,3672.23,0.03000000,0
1506279655,22169175,3672.20,0.01200000,0
1506279642,22169173,3673.89,2.17491814,0
1506279642,22169172,3673.89,0.04510000,0
1506279641,22169171,3673.89,0.00163311,0
1506279641,22169170,3673.89,0.04999992,0
1506279641,22169169,3673.89,0.02721130,0
1506279640,22169168,3673.85,0.04200000,0
1506279618,22169158,3666.44,0.00500000,1
1506279616,22169156,3666.44,0.01360000,1
1506279613,22169154,3674.00,0.00634190,0
1506279605,22169150,3674.00,0.00182127,0
1506279605,22169149,3669.39,0.04087873,0
1506279604,22169148,3666.44,2.39784856,0
1506279603,22169147,3666.44,0.87041044,0
1506279602,22169146,3666.44,0.02719823,1
1506279601,22169145,3668.29,0.02721640,0
1506279600,22169144,3668.29,0.02722050,0
1506279594,22169131,3667.14,0.87150000,0
1506279586,22169116,3667.11,0.72887464,0
1506279585,22169115,3667.31,0.04972796,0
1506279574,22169114,3669.86,0.02720150,0
1506279574,22169113,3667.06,0.00500000,1
1506279520,22169105,3674.00,0.04999870,0
1506279517,22169104,3673.84,0.25816649,0
1506279515,22169102,3669.75,1.60400000,1
1506279514,22169101,3668.85,0.09769400,1
1506279513,22169100,3669.74,0.03980514,1
1506279496,22169096,3668.75,0.02720000,1
1506279493,22169095,3673.90,0.03270075,0
1506279466,22169090,3669.29,0.37781303,1
1506279466,22169089,3669.72,0.01500000,1
1506279438,22169085,3674.21,0.02549950,0
1506279429,22169084,3669.73,0.01000000,1
1506279424,22169083,3674.21,0.00500000,0
1506279402,22169072,3674.21,0.01032560,0
1506279371,22169066,3670.02,0.03000000,1
1506279371,22169065,3669.98,0.12850000,0
1506279370,22169064,3670.01,0.87150000,1
1506279363,22169063,3674.22,0.02844500,0
1506279361,22169062,3669.98,0.11184234,1
1506279329,22169057,3672.69,0.00500000,0
1506279317,22169055,3676.45,0.01898873,0
1506279299,22169049,3676.36,0.04135488,0
1506279276,22169043,3676.40,0.02200000,0
1506279264,22169040,3672.84,1.64200610,0
1506279263,22169039,3674.55,0.01500000,1
1506279263,22169038,3675.33,0.19000000,1
1506279263,22169037,3675.34,0.15299390,1
1506279258,22169033,3676.43,0.01300000,0
1506279242,22169031,3676.44,0.01697459,0
1506279228,22169029,3676.47,0.01576751,0
1506279225,22169028,3676.47,0.03212642,0
1506279206,22169022,3680.15,0.03256389,1
1506279193,22169021,3680.99,0.01074834,0
1506279191,22169019,3680.99,0.25101200,0
1506279191,22169017,3677.14,0.74898800,0
1506279182,22169012,3678.41,0.07000000,1
1506279179,22169010,3681.00,0.26924683,1
1506279170,22169000,3681.00,0.26246885,1
1506279170,22168999,3681.03,0.03502221,1
1506279147,22168985,3681.39,0.09315224,0
1506279132,22168979,3683.27,0.00353900,0
1506279131,22168978,3682.69,0.00946100,0
1506279125,22168975,3682.69,0.00473900,0
1506279117,22168974,3681.00,0.01766000,1
1506279108,22168970,3680.89,0.01050000,0
1506279108,22168969,3680.00,0.68012432,0
1506279105,22168968,3680.00,0.05015890,0
1506279093,22168966,3680.00,0.00900000,0
1506279084,22168961,3680.00,0.26071678,0
1506279063,22168956,3679.76,0.02242736,0
1506279061,22168955,3679.76,0.07146095,0
1506279061,22168954,3679.76,0.87150000,1
1506279061,22168952,3679.29,0.06930000,0
1506279060,22168951,3678.41,0.07220000,0
1506279055,22168950,3678.41,0.02400000,0
1506279053,22168949,3678.38,0.43170774,0
1506279049,22168948,3677.84,0.01989703,0
1506279039,22168947,3677.84,0.00265459,0
1506279037,22168946,3677.58,0.02338416,0
1506279019,22168935,3677.58,0.00700000,0
1506279007,22168929,3677.58,0.00951584,0
1506279005,22168928,3675.33,0.04100000,0
1506279005,22168927,3675.33,0.01190000,0
1506278942,22168920,3674.32,0.02900000,0
1506278930,22168919,3672.75,5.00000000,0
1506278926,22168915,3673.51,2.72380000,0
1506278926,22168914,3673.50,4.19000000,0
1506278898,22168894,3671.61,0.86670153,0
1506278886,22168893,3668.48,4.00000000,0
1506278886,22168892,3668.02,0.32000000,0
1506278882,22168890,3668.02,4.00000000,0
1506278880,22168889,3665.10,0.00500000,0
1506278872,22168888,3673.00,0.11055042,1
1506278872,22168887,3673.00,8.75890524,1
1506278871,22168886,3673.00,6.78862258,1
1506278870,22168885,3673.00,2.00857776,1
1506278869,22168884,3672.91,0.89900000,0
1506278869,22168883,3672.00,0.04080000,0
1506278869,22168882,3671.75,11.93444400,0
1506278869,22168881,3670.69,8.97180000,0
1506278869,22168880,3670.68,0.21000000,0
1506278869,22168879,3668.04,8.55000000,0
1506278869,22168878,3668.03,4.22000000,0
1506278869,22168877,3668.03,7.50730000,0
1506278866,22168875,3665.57,0.17000000,1
1506278861,22168873,3668.03,0.02000000,0
1506278861,22168872,3668.03,0.02709749,0
1506278860,22168871,3668.03,0.01290251,0
1506278836,22168870,3665.62,0.89857776,1
1506278833,22168869,3665.62,1.00000000,1
1506278811,22168862,3671.00,2.00000000,1
1506278810,22168861,3670.84,8.00000000,0
1506278792,22168860,3670.00,9.98978680,1
1506278791,22168859,3670.00,0.01021320,0
1506278773,22168856,3670.00,0.00786180,0
1506278772,22168855,3665.43,0.00313820,0
1506278770,22168854,3665.01,0.00368450,1
1506278747,22168852,3664.33,0.02595400,1
1506278682,22168846,3665.43,0.06477795,0
1506278666,22168843,3665.43,0.00600000,0
1506278636,22168842,3665.43,0.01608385,0
1506278621,22168839,3664.00,8.24159400,0
1506278601,22168836,3664.00,0.26819487,0
1506278589,22168835,3664.00,0.00900000,0
1506278561,22168832,3664.00,0.39113156,0
1506278561,22168831,3663.98,0.04093909,0
1506278561,22168830,3663.51,0.06000000,0
1506278561,22168829,3662.20,0.02560632,0
1506278561,22168828,3659.86,0.09282303,0
1506278552,22168827,3659.86,0.02717697,0
1506278545,22168826,3663.99,0.00718568,0
1506278534,22168823,3657.75,0.03279200,0
1506278534,22168822,3657.75,0.03650908,1
1506278531,22168821,3664.00,0.59255457,0
1506278531,22168820,3659.74,0.04614543,0
1506278530,22168819,3659.74,0.03592650,0
1506278529,22168818,3659.74,0.01792807,0
1506278513,22168816,3664.00,0.09979520,0
1506278512,22168815,3664.00,0.01144665,0
1506278511,22168814,3664.00,3.23779424,0
1506278511,22168813,3663.99,1.18800792,0
1506278510,22168812,3659.69,0.10000000,0
1506278506,22168810,3663.99,0.05885611,0
1506278506,22168809,3663.98,0.04093909,0
1506278503,22168808,3663.99,0.04720000,0
1506278502,22168807,3663.99,0.04720000,0
1506278502,22168806,3663.99,0.04720000,0
1506278501,22168805,3663.99,0.04887200,0
1506278497,22168804,3663.99,0.12930000,0
1506278495,22168803,3663.99,0.00575322,0
1506278478,22168800,3657.70,0.00291604,1
1506278476,22168799,3657.94,0.00208396,1
1506278472,22168798,3663.85,0.04887200,0
1506278471,22168797,3664.34,0.59502608,0
1506278471,22168796,3663.86,0.01208305,0
1506278471,22168795,3659.74,0.03072779,0
1506278469,22168794,3660.78,0.03660148,1
1506278469,22168793,3662.10,0.03267073,1
1506278468,22168792,3662.10,0.00500000,1
1506278466,22168791,3663.86,0.02643692,0
1506278464,22168788,3663.85,0.00475400,0
1506278464,22168787,3663.85,0.53770000,0
1506278462,22168786,3663.86,0.01000000,0
1506278455,22168782,3663.85,0.00317757,0
1506278453,22168781,3663.86,0.01588003,0
1506278449,22168780,3659.75,0.10000000,0
1506278445,22168779,3664.34,0.06680056,1
1506278443,22168778,3662.10,0.00790869,0
1506278440,22168777,3662.10,0.06085496,0
1506278416,22168771,3657.89,0.02189556,1
1506278385,22168762,3662.10,0.01593635,0
1506278360,22168759,3661.49,0.03177922,0
1506278341,22168754,3661.48,0.00600000,0
1506278340,22168752,3661.50,1.14230000,0
1506278334,22168748,3661.48,0.05902087,0
1506278334,22168747,3660.40,0.04097913,0
1506278326,22168745,3660.42,2.72650000,1
1506278316,22168739,3657.29,0.07000000,1
1506278312,22168737,3660.42,0.10773648,0
1506278311,22168736,3660.42,2.72720000,1
1506278308,22168734,3661.50,0.03000000,0
1506278307,22168733,3661.50,0.50604585,0
1506278302,22168731,3664.15,0.01400000,0
1506278301,22168730,3660.36,0.05267464,1
1506278296,22168728,3660.40,0.00962879,1
1506278295,22168727,3660.42,0.00957431,1
1506278288,22168725,3665.93,0.12265144,1
1506278287,22168724,3665.93,0.36245170,0
1506278264,22168716,3665.99,0.01200000,0
1506278260,22168714,3665.99,0.44280132,0
1506278252,22168693,3665.95,0.02488247,0
1506278244,22168689,3665.99,0.01400000,0
1506278235,22168686,3665.99,0.06000000,0
1506278234,22168684,3665.92,0.51735481,0
1506278216,22168682,3665.98,0.03277947,0
1506278213,22168681,3666.00,0.01000000,0
1506278213,22168680,3666.00,0.04522621,0
1506278213,22168679,3665.99,0.20627379,0
1506278212,22168678,3665.99,0.02000000,0
1506278211,22168677,3665.99,0.01551779,0
1506278210,22168676,3665.99,0.03000000,0
1506278205,22168674,3665.99,0.02000542,0
1506278199,22168672,3665.67,0.02000000,0
1506278196,22168671,3665.73,0.01000000,0
1506278192,22168670,3666.00,0.09267464,0
1506278178,22168667,3655.09,0.00995000,1
1506278175,22168662,3655.06,0.24836662,0
1506278175,22168661,3655.06,0.03000000,0
1506278174,22168660,3655.06,0.08673500,0
1506278174,22168659,3655.06,0.08638700,1
1506278173,22168658,3655.08,0.88846183,1
1506278172,22168656,3655.09,0.02246448,0
1506278172,22168655,3655.09,0.17753552,0
1506278168,22168653,3655.09,0.08629100,1
1506278168,22168652,3655.10,0.08675800,1
1506278168,22168651,3658.00,0.35762474,1
1506278165,22168649,3661.39,0.90393991,1
1506278163,22168647,3657.41,2.73100000,0
1506278158,22168644,3657.30,0.31154000,0
1506278157,22168640,3657.30,0.01497826,0
1506278156,22168639,3657.30,0.31154000,0
1506278155,22168637,3663.66,0.30154000,1
1506278154,22168632,3663.66,0.67424536,1
1506278154,22168629,3668.45,0.18910000,1
1506278154,22168627,3668.45,2.38587323,1
1506278153,22168626,3668.45,0.87150000,1
1506278152,22168625,3668.45,0.87150000,1
1506278152,22168624,3667.44,0.00162969,0
1506278151,22168623,3667.43,0.26000000,0
1506278151,22168622,3664.71,0.01222260,0
1506278150,22168621,3663.61,0.25750536,0
1506278150,22168620,3662.57,0.01230000,0
1506278150,22168619,3660.63,0.01770000,0
1506278149,22168618,3660.10,0.07980000,0
1506278149,22168617,3659.00,0.00540000,0
1506278146,22168616,3658.18,0.76983113,1
1506278144,22168615,3658.24,2.73560000,1
1506278142,22168614,3659.00,0.00600000,0
1506278142,22168613,3658.18,4.18000000,0
1506278142,22168612,3657.54,0.09190000,0
1506278137,22168606,3655.48,0.99500000,0
1506278137,22168605,3652.66,0.00500000,0
1506278134,22168604,3655.48,1.00000000,0
1506278131,22168603,3654.22,0.00500000,1
1506278127,22168602,3657.27,0.09250899,0
1506278122,22168594,3656.61,0.04160000,0
1506278122,22168593,3654.22,0.13660477,0
1506278121,22168592,3654.22,2.59689523,0
1506278117,22168589,3654.50,0.03759637,0
1506278117,22168588,3654.05,2.73580000,0
1506278117,22168587,3654.00,0.21785893,0
1506278110,22168570,3652.61,1.00000000,0
1506278107,22168562,3652.61,1.00000000,0
1506278097,22168554,3647.40,0.03122715,1
1506278092,22168550,3647.33,2.52650000,1
1506278091,22168548,3647.40,2.21020000,1
1506278087,22168547,3652.47,0.06650333,0
1506278081,22168541,3654.50,0.04320363,0
1506278073,22168539,3644.13,7.60000000,1
1506278066,22168538,3653.99,0.02900000,0
1506278058,22168536,3641.51,0.00500000,0
1506278050,22168533,3652.09,0.03711818,1
1506278049,22168532,3652.09,0.03615000,1
1506278047,22168531,3652.01,0.01619987,0
1506278018,22168506,3652.14,0.08839375,0
1506278016,22168505,3652.13,0.05080000,0
1506278011,22168504,3652.15,0.01957014,0
1506278011,22168503,3652.15,0.02142986,0
1506278009,22168502,3649.36,0.89857776,0
1506278006,22168501,3652.15,0.01300000,0
1506278002,22168498,3649.37,0.12203628,0
1506277992,22168494,3652.53,0.78710000,0
1506277968,22168493,3652.52,0.01200000,0
1506277953,22168488,3638.04,0.71714107,0
1506277953,22168487,3644.36,0.01500000,1
1506277952,22168486,3645.37,0.05000000,1
1506277951,22168485,3646.58,4.00000000,0
1506277951,22168484,3646.58,0.21785893,1
1506277948,22168482,3652.55,0.06356798,0
1506277935,22168474,3652.55,1.80980821,0
1506277934,22168471,3652.55,0.04647077,0
1506277929,22168461,3655.21,0.29921129,0
1506277927,22168460,3655.21,0.13639519,0
1506277927,22168459,3655.21,0.16552314,0
1506277927,22168458,3655.21,0.14558637,0
1506277925,22168457,3655.21,0.06423314,0
1506277925,22168456,3654.39,0.06130000,0
1506277922,22168452,3653.79,0.37887725,1
1506277919,22168448,3653.79,1.38308973,1
1506277919,22168447,3653.79,1.35391027,1
1506277918,22168446,3653.78,0.76178183,0
1506277918,22168445,3653.45,0.02340000,0
1506277917,22168444,3650.00,0.48146360,0
1506277917,22168443,3649.99,2.51946868,0
1506277917,22168442,3649.99,0.04808898,0
1506277917,22168441,3649.99,0.05633619,0
1506277917,22168440,3649.99,0.18570493,0
1506277917,22168439,3649.99,0.26165020,0
1506277916,22168438,3649.99,0.34116561,0
1506277916,22168437,3649.99,0.16978876,0
1506277916,22168436,3649.99,0.18024144,0
1506277916,22168435,3649.99,0.23755521,0
1506277916,22168434,3649.98,0.02055360,0
1506277916,22168433,3646.56,0.04217540,0
1506277915,22168432,3649.68,0.00575105,1
1506277904,22168417,3649.68,0.13346098,1
1506277903,22168413,3649.68,0.08615000,1
1506277897,22168370,3649.99,2.28938000,0
1506277896,22168366,3649.99,0.00751672,0
1506277884,22168361,3649.78,1.09255810,0
1506277882,22168360,3649.79,0.00709287,0
1506277877,22168357,3649.66,0.01670977,0
1506277873,22168354,3649.68,0.39144774,0
1506277873,22168353,3649.68,0.04109949,0
1506277837,22168329,3649.99,0.46030000,0
1506277836,22168328,3649.75,0.38723374,0
1506277836,22168327,3649.61,0.08410949,0
1506277836,22168326,3649.58,0.94823232,0
1506277833,22168324,3649.61,0.01589051,1
1506277808,22168309,3650.00,0.87075256,0
1506277807,22168308,3649.61,0.00972427,1
1506277806,22168307,3649.61,0.01320279,1
1506277803,22168306,3649.99,0.03171600,0
1506277803,22168305,3649.99,0.08220624,0
1506277781,22168295,3649.60,0.00500000,1
1506277771,22168289,3650.00,0.97492553,0
1506277770,22168288,3649.98,0.03947447,0
1506277763,22168274,3649.97,0.43511995,0
1506277762,22168273,3645.99,0.02154756,0
1506277761,22168270,3645.99,0.02315046,0
1506277761,22168268,3645.99,0.03808848,0
1506277757,22168248,3645.99,3.22113519,1
1506277756,22168242,3645.99,0.08955740,1
1506277756,22168236,3649.60,0.00696732,0
1506277755,22168229,3649.60,0.01577080,0
1506277755,22168227,3646.32,0.01103547,0
1506277751,22168211,3645.99,0.18900000,1
1506277746,22168203,3645.98,0.00271573,1
1506277744,22168201,3649.98,0.00162165,1
1506277729,22168199,3644.36,0.00500000,1
1506277725,22168198,3650.00,0.08332835,0
1506277725,22168197,3645.00,0.02676264,0
1506277723,22168194,3645.98,0.43244279,0
1506277723,22168193,3645.04,0.00574643,0
1506277722,22168192,3645.04,0.02030331,0
1506277719,22168189,3645.04,0.00700000,0
1506277717,22168187,3645.03,0.03368452,0
1506277715,22168182,3645.03,0.00889090,0
1506277711,22168173,3651.59,0.00634705,0
1506277711,22168172,3647.81,0.00942745,0
1506277710,22168171,3647.81,0.76557255,1
1506277708,22168168,3647.81,0.10000000,1
1506277706,22168164,3649.97,0.27513802,0
1506277706,22168163,3649.97,0.10905417,0
1506277705,22168162,3649.97,0.11950914,0
1506277697,22168161,3647.77,0.05176768,0
1506277697,22168160,3644.35,0.02000000,0
1506277695,22168152,3644.36,0.10139864,0
1506277695,22168150,3644.35,0.07464788,0
1506277693,22168147,3645.12,2.05170000,1
1506277693,22168145,3647.23,1.87365212,1
1506277693,22168140,3645.61,0.02430354,0
1506277692,22168138,3644.36,0.74374434,0
1506277692,22168133,3644.36,0.23912897,0
1506277692,22168132,3641.36,0.03257103,0
1506277691,22168131,3640.63,0.21630521,1
1506277690,22168130,3640.63,0.02046479,1
1506277689,22168129,3644.36,0.01712669,0
1506277687,22168123,3630.00,8.39016200,0
1506277687,22168121,3630.00,0.00160054,0
1506277686,22168120,3630.00,0.90000000,0
1506277686,22168119,3630.00,0.00363600,0
1506277686,22168118,3630.70,0.70100532,1
1506277685,22168117,3632.00,0.04600000,1
1506277685,22168116,3632.00,0.04200000,0
1506277685,22168115,3632.01,0.12000000,0
1506277685,22168114,3632.22,2.70958575,1
1506277684,22168113,3632.22,1.00000000,0
1506277684,22168112,3632.23,1.63700000,0
1506277684,22168111,3634.31,4.00000000,0
1506277683,22168110,3634.31,1.64800000,0
1506277683,22168109,3635.50,3.77101039,1
1506277683,22168108,3635.50,0.05000000,1
1506277680,22168106,3646.79,0.43762134,1
1506277677,22168105,3632.22,6.26991425,1
1506277677,22168104,3633.09,0.01840000,1
1506277677,22168103,3633.69,7.75832800,1
1506277677,22168102,3634.00,0.04600000,1
1506277677,22168101,3634.30,0.01404100,1
1506277677,22168100,3634.37,0.01399100,1
1506277676,22168099,3634.71,0.01398900,1
1506277676,22168098,3634.71,0.01399200,1
1506277676,22168097,3634.91,0.11074103,1
1506277676,22168096,3635.46,0.00137809,1
1506277676,22168095,3635.49,0.87150000,1
1506277676,22168094,3636.00,0.04600000,1
1506277676,22168093,3637.75,1.00000000,1
1506277676,22168092,3638.00,0.04600000,1
1506277676,22168091,3638.01,0.01149900,1
1506277675,22168090,3639.92,0.00657700,1
1506277675,22168089,3640.00,0.04600000,1
1506277675,22168088,3641.43,0.13785779,1
1506277675,22168086,3641.72,0.05760000,1
1506277675,22168085,3642.00,0.04600000,1
1506277675,22168084,3643.09,0.03130000,1
1506277675,22168083,3644.00,0.04600000,1
1506277675,22168082,3644.34,0.05440000,1
1506277674,22168081,3644.36,0.01700300,1
1506277674,22168079,3644.37,0.93455057,0
1506277670,22168075,3644.37,0.01049400,1
1506277670,22168073,3644.83,0.00809300,1
1506277661,22168057,3645.04,0.01049400,1
1506277659,22168051,3646.80,0.00718321,0
1506277658,22168050,3647.79,0.33385911,0
1506277657,22168049,3647.79,0.09592398,0
1506277656,22168048,3645.02,0.01049400,0
1506277656,22168047,3645.00,0.10000000,1
1506277656,22168046,3645.01,1.00000000,1
1506277655,22168041,3645.02,0.01111200,1
1506277655,22168038,3645.03,0.01111200,1
1506277654,22168036,3645.62,0.01053100,1
1506277653,22168035,3647.79,0.01000000,0
1506277653,22168034,3647.79,0.03000000,0
1506277650,22168032,3645.61,0.48326084,0
1506277650,22168031,3645.61,0.23900000,1
1506277646,22168023,3649.99,0.07006085,0
1506277645,22168016,3650.00,0.01589692,0
1506277643,22168008,3650.02,0.01111200,1
1506277639,22167993,3650.00,0.10000000,1
1506277639,22167991,3650.00,0.10000000,1
1506277639,22167988,3650.00,0.31706289,1
1506277638,22167986,3650.00,0.00510000,1
1506277638,22167984,3650.00,1.00000000,1
1506277638,22167983,3650.00,0.20000000,1
1506277638,22167982,3650.01,0.01277100,1
1506277636,22167981,3651.10,0.34943259,0
1506277635,22167976,3651.01,0.13245794,0
1506277631,22167964,3651.00,0.02300886,0
1506277631,22167963,3651.00,0.10000000,1
1506277631,22167961,3651.01,0.01275200,1
1506277625,22167946,3652.23,0.01700000,0
1506277618,22167940,3652.23,4.52243428,1
1506277616,22167939,3652.23,4.98664100,1
1506277616,22167938,3652.24,0.01335900,1
1506277615,22167935,3653.10,0.99988777,1
1506277612,22167932,3653.10,0.02445830,1
1506277610,22167930,3654.99,0.02192134,0
1506277604,22167924,3654.99,0.02500000,0
1506277596,22167917,3654.99,1.05464731,0
1506277592,22167916,3653.10,0.00054170,1
1506277592,22167915,3653.11,0.01544700,1
1506277592,22167914,3653.35,0.00500000,1
1506277592,22167913,3654.99,0.03176436,0
1506277591,22167912,3655.00,0.02558390,0
1506277590,22167911,3655.00,0.02558390,0
1506277590,22167910,3654.99,0.02558390,0
1506277588,22167909,3655.00,0.02558390,0
1506277588,22167908,3655.00,0.02558390,0
1506277587,22167907,3655.00,0.07785885,0
1506277586,22167906,3655.00,0.07728094,0
1506277585,22167904,3655.00,0.00000073,0
1506277583,22167899,3655.00,2.01648427,1
1506277583,22167898,3655.00,0.10000000,1
1506277583,22167897,3655.01,0.01615000,1
1506277577,22167895,3655.57,0.01615000,0
1506277575,22167890,3655.57,0.02488804,0
1506277575,22167889,3655.57,0.03140000,1
1506277575,22167887,3655.58,0.01615000,1
1506277571,22167846,3658.11,0.01235162,1
1506277570,22167845,3658.11,0.02744838,1
1506277570,22167843,3658.12,0.02255162,0
1506277567,22167842,3660.73,0.80982980,0
1506277566,22167840,3658.80,0.03290000,1
1506277566,22167839,3658.80,0.07350000,1
1506277566,22167838,3660.00,0.10000000,1
1506277564,22167837,3663.52,0.02583548,0
1506277564,22167835,3660.54,0.01000000,0
1506277562,22167831,3661.17,0.01000000,0
1506277561,22167830,3661.17,0.02000000,0
1506277560,22167829,3660.88,0.02653498,0
1506277560,22167828,3661.00,0.20989659,1
1506277560,22167827,3661.00,0.00320000,1
1506277559,22167826,3661.17,0.03320000,1
1506277559,22167825,3661.22,0.07650000,1
1506277558,22167824,3661.57,0.44182132,1
1506277558,22167823,3661.57,5.00000000,1
1506277557,22167820,3661.57,0.82837937,1
1506277556,22167819,3661.57,15.25910000,1
1506277555,22167818,3663.66,0.01000000,0
1506277555,22167817,3661.57,4.07634423,1
1506277554,22167816,3663.66,0.04324148,0
1506277553,22167815,3663.63,0.02490000,0
1506277552,22167813,3663.66,0.66975544,0
1506277552,22167812,3663.49,0.04094456,0
1506277550,22167811,3661.57,14.10322229,1
1506277550,22167810,3661.58,1.80813535,1
1506277550,22167809,3661.59,0.08864236,1
1506277541,22167808,3663.50,0.01000000,0
1506277541,22167807,3663.50,0.02000000,0
1506277541,22167806,3663.50,0.01000000,0
1506277538,22167805,3663.50,0.01000000,0
1506277537,22167804,3663.50,0.06094538,0
1506277537,22167803,3663.47,0.01579708,0
1506277535,22167802,3663.50,0.02325754,0
1506277524,22167800,3664.71,2.69080844,1
1506277504,22167791,3668.29,0.04891600,0
1506277504,22167790,3668.29,0.04100213,0
1506277501,22167788,3668.30,0.05382062,0
1506277471,22167783,3664.72,0.00249577,0
1506277470,22167782,3664.72,0.00250423,1
1506277464,22167781,3671.18,0.00600000,0
1506277450,22167771,3670.39,0.01500000,0
1506277446,22167770,3670.37,0.02500293,0
1506277440,22167765,3670.44,0.00904649,1
1506277431,22167761,3670.43,0.10150900,1
1506277420,22167757,3668.21,0.01378000,1
1506277416,22167755,3672.82,0.51222294,0
1506277416,22167754,3672.81,1.03101300,0
1506277410,22167751,3672.77,0.00700000,0
1506277391,22167744,3672.48,1.36689739,0
1506277391,22167743,3671.74,0.02133963,0
1506277390,22167742,3671.58,0.07000000,0
1506277367,22167733,3664.75,0.01224000,1
1506277332,22167726,3670.89,0.03999989,0
1506277331,22167725,3671.04,0.02384657,0
1506277330,22167724,3670.91,0.00800000,0
1506277322,22167714,3664.71,0.00919156,1
1506277322,22167712,3664.72,0.01080844,1
1506277315,22167707,3671.05,0.01000000,0
1506277310,22167706,3670.90,0.01014222,0
1506277310,22167705,3667.04,0.03685778,0
1506277259,22167691,3663.87,0.05148598,1
1506277255,22167690,3670.72,0.00800000,0
1506277254,22167689,3670.72,0.04100000,0
1506277245,22167686,3670.00,0.01324145,1
1506277235,22167682,3663.14,1.03901300,1
1506277235,22167679,3663.17,0.98288632,1
1506277219,22167669,3670.73,0.06555391,0
1506277209,22167668,3661.57,0.12691007,1
1506277209,22167667,3661.58,0.17000000,1
1506277209,22167666,3663.03,0.01500000,1
1506277209,22167665,3663.23,0.01840965,1
1506277206,22167664,3670.73,0.25253782,0
1506277176,22167654,3663.27,0.00500000,1
1506277151,22167649,3670.83,0.20652893,0
1506277142,22167646,3667.75,0.01900000,0
1506277141,22167645,3667.42,0.00999896,0
1506277115,22167640,3661.57,1.19249845,1
1506277115,22167639,3661.84,0.01000000,1
1506277115,22167637,3661.87,0.00139267,1
1506277115,22167636,3662.00,1.75505597,1
1506277115,22167635,3662.00,0.01500000,1
1506277115,22167634,3662.00,0.05500000,1
1506277115,22167633,3662.00,0.77631431,1
1506277114,22167632,3663.00,0.31120786,1
1506277114,22167631,3663.02,0.00040403,1
1506277114,22167630,3663.03,0.88312671,1
1506277108,22167628,3667.46,0.00901752,0
1506277086,22167618,3667.46,0.02154400,0
1506277086,22167617,3667.46,0.00500000,0
1506277084,22167615,3667.45,0.01966981,0
1506277084,22167614,3663.08,0.05161919,0
1506277052,22167610,3663.08,0.01029684,1
1506277030,22167607,3667.46,0.01000000,0
1506277006,22167604,3667.46,0.02400000,0
1506276987,22167603,3667.46,0.00800000,0
1506276981,22167601,3667.11,0.27060000,0
1506276969,22167600,3665.95,0.00800000,0
1506276965,22167599,3667.30,2.16740586,1
1506276964,22167598,3663.80,0.03259414,0
1506276964,22167597,3663.78,0.80000000,0
1506276948,22167595,3667.30,0.01000000,0
1506276931,22167582,3663.00,0.03306777,1
1506276931,22167581,3663.02,0.03693223,1
1506276927,22167579,3667.36,0.00600000,0
1506276911,22167568,3663.00,0.01291310,1
1506276910,22167567,3667.41,0.00543981,0
1506276868,22167560,3667.53,0.01000000,0
1506276867,22167559,3662.16,0.91100000,1
1506276842,22167554,3663.88,0.03626008,0
1506276826,22167550,3662.01,0.12980915,1
1506276816,22167548,3665.58,0.02000000,0
1506276815,22167547,3665.58,0.02000000,0
1506276808,22167546,3662.07,0.00500000,1
1506276789,22167534,3665.60,0.01400000,0
1506276782,22167532,3662.00,0.15715100,1
1506276770,22167529,3665.66,0.00544240,0
1506276765,22167524,3662.00,0.06653469,1
1506276764,22167521,3662.01,0.00346531,1
1506276761,22167515,3665.68,0.54350000,0
1506276760,22167514,3665.69,0.02722810,0
1506276755,22167512,3665.71,0.02723050,0
1506276753,22167511,3665.71,0.04070000,0
1506276752,22167508,3665.71,0.04999984,0
1506276752,22167505,3665.71,0.02723180,0
1506276751,22167504,3665.71,0.04999984,0
1506276745,22167500,3662.02,0.24100000,1
1506276744,22167499,3662.02,0.27051804,1
1506276733,22167496,3665.76,0.00571116,0
1506276714,22167486,3665.79,0.01888240,0
1506276714,22167485,3665.79,0.01517614,0
1506276713,22167484,3665.79,0.01594130,0
1506276712,22167483,3665.80,0.01517404,0
1506276712,22167482,3665.80,0.01206806,0
1506276712,22167481,3665.80,0.02721740,0
1506276711,22167480,3665.80,0.03055627,0
1506276711,22167479,3665.80,0.01944069,0
1506276708,22167478,3665.85,0.01500000,1
1506276706,22167476,3668.50,0.01204946,0
1506276706,22167475,3668.50,0.01517624,0
1506276704,22167474,3668.51,0.02725170,0
1506276702,22167473,3668.50,0.02410191,0
1506276701,22167472,3668.51,0.02589505,0
1506276701,22167471,3668.49,0.04999989,0
1506276697,22167470,3668.51,0.04999696,0
1506276692,22167467,3668.51,0.04999696,0
1506276691,22167465,3668.51,0.04999984,0
1506276690,22167464,3668.50,0.02723300,0
1506276685,22167463,3668.51,0.01100000,0
1506276684,22167462,3668.51,0.01104072,0
1506276683,22167461,3668.51,0.01480332,0
1506276683,22167460,3668.51,0.01896479,0
1506276682,22167459,3668.50,0.01613186,0
1506276663,22167458,3672.96,0.01000000,0
1506276662,22167457,3672.96,4.42410000,0
1506276656,22167456,3672.98,0.01200000,0
1506276652,22167455,3673.00,0.03173211,0
1506276649,22167454,3673.00,0.00170483,1
1506276605,22167444,3673.95,0.05378425,0
1506276602,22167439,3673.96,0.00500000,0
1506276591,22167438,3670.78,1.94284390,0
1506276579,22167435,3669.57,2.72070000,0
1506276575,22167434,3674.00,0.01120629,0
1506276569,22167432,3669.56,2.70177064,0
1506276567,22167431,3669.56,0.01902936,0
1506276566,22167430,3669.52,2.71880000,0
1506276554,22167426,3671.17,0.02000000,0
1506276553,22167425,3669.57,0.02000000,0
1506276553,22167424,3669.57,0.04234373,0
1506276552,22167423,3669.57,0.01612971,0
1506276551,22167422,3669.57,0.04694378,0
1506276521,22167417,3669.57,0.37199843,0
1506276520,22167416,3669.56,0.08800157,0
1506276512,22167412,3669.54,0.02000000,1
1506276503,22167406,3669.58,0.30560000,0
1506276474,22167397,3673.97,3.34000000,0
1506276425,22167389,3674.00,0.10000000,0
1506276421,22167387,3665.74,0.03329340,1
1506276415,22167385,3675.47,0.01770000,0
1506276415,22167384,3675.47,0.09532704,0
1506276406,22167382,3665.75,0.00711368,1
1506276382,22167380,3675.60,0.01205802,0
1506276327,22167370,3668.95,0.03308960,0
1506276326,22167369,3669.89,2.08461938,1
1506276309,22167364,3675.97,0.00813935,0
1506276306,22167361,3670.65,0.12500510,0
1506276304,22167358,3662.09,0.03921534,1
1506276304,22167357,3662.58,0.00167368,1
1506276303,22167356,3662.60,0.01183445,1
1506276251,22167324,3668.63,0.06960637,0
1506276238,22167298,3669.95,2.00000000,1
1506276233,22167297,3670.95,1.18957500,0
1506276233,22167296,3670.92,0.81042500,0
1506276220,22167284,3673.64,0.40274199,0
1506276214,22167276,3673.51,0.18957500,0
1506276211,22167269,3662.10,0.51687199,1
1506276207,22167262,3668.05,2.72300000,0
1506276193,22167240,3669.69,2.00133647,0
1506276188,22167228,3669.70,0.78219083,1
1506276188,22167227,3669.70,0.01292593,1
1506276188,22167226,3668.66,0.05960000,0
1506276187,22167224,3665.89,0.00883200,1
1506276187,22167221,3665.60,3.98707407,0
1506276186,22167220,3665.59,0.37042300,0
1506276186,22167219,3665.59,2.72370000,0
1506276175,22167207,3665.58,0.00317034,0
1506276165,22167199,3661.57,11.56973710,1
1506276165,22167198,3661.58,0.24000000,1
1506276164,22167197,3661.65,0.00802200,1
1506276164,22167196,3662.14,8.26000000,1
1506276164,22167193,3662.17,1.00000000,1
1506276163,22167188,3665.58,0.02265928,0
1506276134,22167172,3662.02,6.99598539,1
1506276134,22167171,3662.02,7.00000000,1
1506276124,22167160,3661.57,47.90198717,1
1506276123,22167159,3661.58,0.27000000,1
1506276123,22167158,3662.00,4.84852655,1
1506276123,22167157,3662.01,0.00836000,1
1506276118,22167151,3661.84,0.15147345,0
1506276115,22167149,3661.84,0.30000000,0
1506276100,22167143,3661.84,0.00923400,0
1506276099,22167142,3661.84,0.00923300,0
1506276099,22167141,3662.21,0.08000000,1
1506276099,22167140,3662.94,0.45005955,1
1506276098,22167138,3664.41,0.01400000,0
1506276096,22167131,3664.41,0.01000000,0
1506276096,22167130,3662.97,1.00000000,1
1506276095,22167129,3662.97,0.19647455,1
1506276094,22167126,3662.21,0.08210151,0
1506276093,22167124,3662.21,0.01789849,1
1506276093,22167121,3662.94,6.95711714,0
1506276092,22167120,3662.94,0.04341700,0
1506276089,22167118,3662.21,0.01001700,0
1506276085,22167117,3661.83,0.00611807,1
1506276085,22167116,3662.21,0.01750000,1
1506276085,22167115,3663.00,0.10000000,1
1506276085,22167113,3663.01,0.01165600,1
1506276084,22167112,3663.44,0.00500000,1
1506276084,22167111,3663.45,0.01292593,1
1506276080,22167106,3665.00,0.01229500,0
1506276079,22167105,3665.00,0.01229500,0
1506276079,22167104,3665.00,1.00000000,1
1506276079,22167103,3665.00,0.05000000,1
1506276078,22167102,3665.20,0.87760000,1
1506276078,22167101,3665.39,0.01490000,1
1506276078,22167100,3665.60,0.01292593,0
1506276077,22167098,3666.02,0.02000000,1
1506276076,22167097,3666.02,0.01260421,0
1506276074,22167094,3665.61,0.02101128,0
1506276072,22167093,3665.98,1.00000000,1
1506276072,22167092,3666.00,0.09971908,1
1506276072,22167091,3666.02,0.87150000,1
1506276071,22167090,3666.03,0.01357600,1
1506276067,22167089,3667.00,0.10000000,1
1506276067,22167088,3669.03,0.01428200,1
1506276067,22167087,3669.04,0.01421100,1
1506276062,22167085,3668.00,0.10469600,0
1506276062,22167084,3668.00,0.01428200,0
1506276061,22167083,3668.00,0.10000000,1
1506276061,22167082,3668.75,0.06590000,1
1506276061,22167081,3669.00,0.10000000,1
1506276057,22167080,3670.46,0.01532795,0
1506276050,22167077,3669.88,0.76320800,1
1506276050,22167076,3669.89,0.01539200,1
1506276048,22167073,3671.73,0.00789020,0
1506276045,22167072,3671.73,0.54320463,0
1506276042,22167065,3669.88,4.00000000,1
1506276042,22167064,3669.89,0.90000000,1
1506276041,22167063,3669.98,0.01700000,1
1506276041,22167062,3670.00,7.08745077,1
1506276041,22167061,3670.01,0.01688600,1
1506276036,22167052,3670.00,12.91254923,1
1506276036,22167051,3670.00,0.10000000,1
1506276036,22167050,3670.94,0.00136477,1
1506276036,22167049,3670.96,0.08990000,1
1506276035,22167048,3671.00,0.00320000,1
1506276035,22167047,3671.00,0.10000000,1
1506276035,22167046,3671.01,0.01688600,1
1506276033,22167043,3671.41,0.77819750,0
1506276032,22167041,3671.44,0.15348911,0
1506276031,22167040,3671.44,0.07870000,1
1506276031,22167039,3672.00,0.10000000,1
1506276030,22167038,3672.37,0.35346978,1
1506276030,22167037,3673.00,0.10000000,1
1506276029,22167036,3673.14,0.24653022,1
1506276024,22167029,3676.25,0.49455889,0
1506276021,22167027,3676.25,0.01240000,0
1506276018,22167026,3676.26,0.02525720,0
1506276005,22167020,3680.25,0.01000000,0
1506275987,22167016,3680.31,0.49126489,0
1506275985,22167015,3673.01,0.44279900,1
1506275985,22167014,3674.00,0.10000000,1
1506275985,22167013,3675.00,0.30521800,1
1506275985,22167012,3675.01,0.02357400,1
1506275984,22167011,3675.04,0.22100000,1
1506275963,22167009,3675.00,0.17878200,1
1506275962,22167008,3675.92,0.02610900,0
1506275962,22167007,3675.92,0.26900000,1
1506275962,22167006,3676.98,0.02610900,1
1506275946,22167000,3676.91,0.04239600,1
