date,tid,price,amount,type
1506297612,22174671,0.07700000,0.24875000,1
1506297358,22174592,0.07714999,0.12975500,0
1506297339,22174584,0.07714999,0.12971600,0
1506297201,22174568,0.07707000,10.21583048,1
1506297184,22174563,0.07707000,17.93885800,1
1506297171,22174562,0.07707000,50.00060000,1
1506297159,22174555,0.07707000,0.12932000,1
1506297158,22174554,0.07707000,6.69176900,1
1506297135,22174552,0.07714999,1.00000000,0
1506297123,22174551,0.07707000,0.27732274,1
1506297117,22174549,0.07707000,32.10556249,1
1506297117,22174548,0.07707001,2.25343151,1
1506297102,22174547,0.07707000,7.33831140,1
1506297102,22174546,0.07707001,2.48997960,1
1506297089,22174545,0.07707000,7.90952830,1
1506297089,22174544,0.07707001,2.75135870,1
1506297070,22174540,0.07707000,6.78089759,1
1506297070,22174539,0.07707001,3.04017541,1
1506297069,22174538,0.07707000,6.61200000,1
1506297014,22174505,0.07715000,1.24830708,0
1506297013,22174503,0.07715000,0.13237229,0
1506297013,22174502,0.07710000,0.16186263,0
1506297013,22174501,0.07710000,0.28700000,0
1506296947,22174466,0.07721000,0.14993737,0
1506296908,22174461,0.07727000,0.15000000,0
1506296847,22174449,0.07717800,0.09000000,1
1506296770,22174438,0.07739000,3.96915310,1
1506296770,22174437,0.07739272,0.77296786,1
1506296756,22174422,0.07739272,2.50721600,1
1506296755,22174421,0.07739272,1.46193700,1
1506296753,22174419,0.07739272,4.78466192,1
1506296752,22174418,0.07739272,5.27836100,1
1506296751,22174417,0.07739272,3.41362408,1
1506296751,22174416,0.07740000,9.52678292,1
1506296747,22174414,0.07740000,0.19519700,1
1506296745,22174413,0.07740000,32.46271000,1
1506296666,22174396,0.07743000,0.46180000,1
1506296637,22174389,0.07745700,3.50300000,1
1506296632,22174388,0.07745700,0.38600000,1
1506295969,22174306,0.07758003,5.04435500,1
1506295935,22174305,0.07760003,2.57000000,1
1506295878,22174300,0.07765103,3.82104288,0
1506295878,22174297,0.07773208,0.18895712,1
1506295715,22174261,0.07772400,1.31300100,1
1506295715,22174260,0.07774000,0.28700000,1
1506295646,22174248,0.07789166,1.00000000,0
1506295453,22174193,0.07771142,3.29992684,1
1506294859,22174095,0.07777010,0.62004806,1
1506294419,22174017,0.07790000,1.45091707,0
1506294417,22174016,0.07789000,0.45943312,0
1506294118,22173944,0.07795039,1.60525945,0
1506294100,22173936,0.07807425,0.06181888,0
1506294100,22173935,0.07805279,0.18818112,0
1506293955,22173885,0.07795019,0.30165885,1
1506293947,22173878,0.07795019,2.36696024,1
1506293943,22173874,0.07797000,0.45943312,1
1506293883,22173850,0.07800129,0.18818112,1
1506293881,22173848,0.07810015,1.72199621,1
1506293881,22173847,0.07810015,0.12836080,0
1506293836,22173817,0.07800000,1.05509000,0
1506293824,22173812,0.07800000,18.94491000,0
1506293824,22173811,0.07800000,0.50000000,0
1506293806,22173800,0.07800000,0.30000000,0
1506293806,22173799,0.07800000,1.00000000,0
1506293806,22173798,0.07800000,2.00000000,0
1506293806,22173797,0.07800000,1.00000000,0
1506293806,22173796,0.07800000,1.00000000,0
1506293806,22173795,0.07800000,0.13800000,0
1506293806,22173794,0.07799900,4.00000000,0
1506293735,22173778,0.07785100,0.99756800,0
1506293733,22173776,0.07785100,0.30561162,0
1506293724,22173770,0.07747450,2.93795000,0
1506293722,22173769,0.07785600,0.00006422,1
1506293721,22173766,0.07785600,4.99993578,1
1506293715,22173761,0.07787500,4.99993580,1
1506293695,22173752,0.07794500,5.00000000,0
1506293695,22173751,0.07789930,14.18159948,0
1506293694,22173750,0.07789930,3.84593345,0
1506293694,22173749,0.07789929,3.69748185,0
1506293694,22173748,0.07788000,0.12996400,0
1506293691,22173745,0.07788000,0.24410100,0
1506293680,22173739,0.07788000,0.22173500,0
1506293672,22173736,0.07785000,1.02115970,0
1506293622,22173719,0.07783300,4.79141994,0
1506293621,22173718,0.07783297,6.50258006,0
1506293621,22173717,0.07779000,0.10000000,0
1506293102,22173623,0.07774897,0.50000000,0
1506292947,22173570,0.07754033,0.87541587,1
1506292833,22173521,0.07757003,4.99989713,0
1506292690,22173417,0.07762800,4.53598600,0
1506292690,22173415,0.07762799,0.46401400,0
1506292684,22173408,0.07745819,0.07563000,1
1506292644,22173373,0.07752015,3.45969800,0
1506292430,22173307,0.07753006,0.46152458,1
1506292182,22173204,0.07766600,4.66995400,0
1506292177,22173203,0.07763999,4.57923960,0
1506292177,22173202,0.07763000,0.46122502,0
1506292123,22173138,0.07751111,0.34184641,0
1506292122,22173136,0.07751111,2.57000000,0
1506292121,22173134,0.07752000,2.57000000,1
1506292022,22173101,0.07771398,0.05157861,1
1506292021,22173100,0.07771398,0.94842139,0
1506291920,22173084,0.07755000,0.46122502,1
1506291919,22173083,0.07755003,0.59011248,1
1506291842,22173051,0.07773799,0.40000000,0
1506291703,22173031,0.07757700,2.57000000,1
1506291543,22172976,0.07770300,1.63000000,0
1506291541,22172975,0.07769165,7.57000000,0
1506291399,22172956,0.07758295,2.20290227,0
1506291399,22172955,0.07758295,3.85709773,0
1506291377,22172951,0.07758300,2.07504919,1
1506291373,22172949,0.07758299,3.21678600,0
1506291370,22172947,0.07758299,0.07400000,0
1506291361,22172943,0.07758299,0.30000000,0
1506291318,22172941,0.07747546,0.46120000,1
1506291225,22172926,0.07747528,0.14567589,0
1506290628,22172829,0.07756711,2.57000000,1
1506290572,22172805,0.07759139,7.57000000,1
1506290493,22172795,0.07765100,4.99999980,1
1506290493,22172794,0.07770989,0.10953820,1
1506290469,22172792,0.07770989,0.22263000,1
1506290461,22172788,0.07770989,0.12903207,1
1506290443,22172778,0.07770989,28.24754600,1
1506290443,22172777,0.07772000,0.46120000,1
1506290439,22172773,0.07770989,0.22990163,1
1506290438,22172772,0.07770989,0.33216820,1
1506290437,22172771,0.07770972,72.57200000,0
1506290437,22172770,0.07769000,0.18455900,0
1506290437,22172769,0.07768994,12.37247799,0
1506289716,22172645,0.07761400,5.00000000,1
1506289388,22172590,0.07770996,1.24403400,0
1506289361,22172568,0.07756702,0.70246431,0
1506289360,22172566,0.07756702,0.60126256,0
1506289352,22172562,0.07756705,0.43444466,1
1506289004,22172490,0.07763000,0.18455900,1
1506288886,22172467,0.07771600,2.77027870,0
1506288884,22172466,0.07765900,1.08109629,1
1506288884,22172465,0.07765900,0.00000039,0
1506288038,22172291,0.07765900,1.17167700,0
1506288028,22172288,0.07765899,0.24318300,0
1506287984,22172275,0.07763600,0.70044500,0
1506287972,22172272,0.07745403,1.10010200,0
1506287686,22172228,0.07748503,0.76778300,1
1506287575,22172204,0.07757100,0.74139420,0
1506287575,22172203,0.07756000,0.46280000,1
1506287573,22172202,0.07750000,0.78978063,0
1506287418,22172172,0.07750000,2.63634700,0
1506287412,22172169,0.07749999,1.28539100,0
1506287412,22172168,0.07749999,0.95118900,0
1506287337,22172157,0.07750000,1.13707742,0
1506287327,22172156,0.07750000,25.58703300,0
1506287326,22172155,0.07750000,9.84700000,0
1506287070,22172100,0.07748407,1.81526137,1
1506287067,22172099,0.07748400,0.22985072,1
1506287067,22172098,0.07748401,0.12652092,1
1506287059,22172095,0.07752000,0.46280000,1
1506287053,22172093,0.07751000,5.00000000,1
1506287050,22172090,0.07751004,0.25222763,1
1506287050,22172089,0.07751004,1.07252513,1
1506286792,22172017,0.07762284,0.36919842,0
1506286627,22171996,0.07762000,1.98019100,0
1506286625,22171995,0.07756000,0.01980900,0
1506286109,22171875,0.07756000,0.00029400,0
1506286109,22171874,0.07743237,0.28705600,0
1506285516,22171762,0.07756000,0.37441400,0
1506285293,22171701,0.07756000,0.87334800,0
1506285041,22171656,0.07765897,2.11780100,0
1506285041,22171655,0.07763000,0.46220000,0
1506285029,22171654,0.07758994,0.44997183,0
1506284626,22171507,0.07748004,0.61925634,1
1506284615,22171501,0.07752040,1.82796748,0
1506284614,22171499,0.07752039,0.70399738,1
1506284614,22171498,0.07752039,0.10944823,1
1506284597,22171491,0.07752039,0.46183995,1
1506284597,22171490,0.07752039,1.05297657,1
1506284596,22171489,0.07752039,1.13679500,1
1506284591,22171479,0.07752030,7.58952951,1
1506284591,22171478,0.07752039,2.58000000,1
1506284589,22171473,0.07752038,10.87766199,0
1506284553,22171441,0.07752003,0.26776560,1
1506284543,22171425,0.07752000,0.46220000,1
1506284505,22171370,0.07750087,0.61896103,1
1506284380,22171240,0.07765899,18.02753293,0
1506284352,22171229,0.07787999,3.82418898,1
1506284351,22171228,0.07785630,4.70000000,0
1506284351,22171227,0.07785629,10.19398719,0
1506284351,22171223,0.07780000,0.40479616,0
1506284350,22171220,0.07772175,5.90617950,0
1506284350,22171219,0.07770000,42.03848873,0
1506284349,22171218,0.07769999,1.43704379,0
1506284349,22171217,0.07769999,27.25326100,1
1506284349,22171216,0.07765900,5.00000000,0
1506284347,22171215,0.07760994,70.66000000,0
1506284341,22171196,0.07760994,3.00000000,0
1506284312,22171179,0.07747003,0.14284600,1
1506284274,22171164,0.07760996,0.29080030,0
1506284260,22171153,0.07760997,0.54134600,0
1506284256,22171151,0.07760997,0.24867400,0
1506284245,22171136,0.07760999,0.95267065,0
1506284227,22171133,0.07760999,1.81099572,0
1506284226,22171132,0.07756000,1.00000000,0
1506283851,22171027,0.07755498,2.33847700,0
1506283848,22171020,0.07755498,1.56020000,0
1506283770,22170977,0.07755500,2.13640400,0
1506283770,22170973,0.07755499,2.58000000,0
1506283688,22170927,0.07740100,4.66275057,0
1506283688,22170925,0.07740101,0.33708491,1
1506283688,22170924,0.07744300,0.00009993,1
1506283637,22170874,0.07744304,0.24068770,1
1506283637,22170873,0.07744306,0.78047200,1
1506283520,22170836,0.07754291,2.10228605,0
1506283431,22170776,0.07754292,4.79396294,0
1506283414,22170764,0.07744300,0.76474104,1
1506283408,22170762,0.07744299,0.34652436,0
1506283401,22170760,0.07744300,4.44129102,0
1506283401,22170758,0.07743886,0.55870398,0
1506283130,22170663,0.07731004,1.34542212,0
1506283128,22170662,0.07737000,2.58000000,1
1506283053,22170633,0.07741000,79.81342000,0
1506283041,22170629,0.07741000,2.00000000,0
1506282998,22170622,0.07741000,1.13679499,0
1506282988,22170617,0.07741000,46.33632993,0
1506282988,22170616,0.07741000,0.31422500,0
1506282986,22170615,0.07740997,5.20772235,0
1506282984,22170614,0.07741000,10.90914224,0
1506282984,22170613,0.07740999,1.70737876,0
1506282971,22170591,0.07740000,0.46270000,0
1506282676,22170484,0.07740000,5.00000000,1
1506282676,22170483,0.07743000,0.46270000,1
1506282605,22170465,0.07740794,3.75647994,0
1506282603,22170464,0.07750000,1.23163668,1
1506282420,22170411,0.07750000,0.99408600,1
1506282255,22170343,0.07750000,1.25000000,1
1506282196,22170296,0.07750000,0.73587097,1
1506282156,22170274,0.07750000,1.13548440,1
1506282155,22170273,0.07759836,0.77128395,0
1506282148,22170269,0.07750000,9.28992259,1
1506282120,22170260,0.07750000,2.58000000,1
1506282119,22170259,0.07750000,2.58000000,1
1506282095,22170250,0.07750000,0.20299936,1
1506282087,22170246,0.07739003,2.05795941,1
1506281911,22170155,0.07737900,1.54215333,0
1506281910,22170153,0.07737900,3.45784667,0
1506281910,22170152,0.07737000,0.46320000,0
1506281910,22170151,0.07730998,1.02499000,0
1506281910,22170150,0.07730998,0.15399733,0
1506281866,22170138,0.07716318,3.59157689,1
1506281673,22170114,0.07730998,0.19354021,0
1506281466,22170030,0.07725004,2.57992916,1
1506281371,22169996,0.07726000,0.46320000,1
1506281218,22169947,0.07716014,0.20000000,1
1506281174,22169896,0.07730998,1.02738446,1
1506281173,22169893,0.07730998,0.34753754,1
1506281171,22169890,0.07730985,1.78697000,0
1506281169,22169885,0.07719900,5.00000000,0
1506281162,22169883,0.07719700,1.52984000,0
1506281162,22169881,0.07719000,0.12862000,0
1506281162,22169880,0.07717929,0.12851000,0
1506281135,22169864,0.07705017,0.12822000,1
1506281118,22169860,0.07705015,0.12822000,1
1506281108,22169856,0.07705013,0.12822000,1
1506281094,22169850,0.07705011,0.12822000,1
1506281093,22169849,0.07705011,0.35344431,1
1506281089,22169844,0.07705010,0.14709800,1
1506281078,22169825,0.07705009,0.20000000,1
1506281065,22169817,0.07705004,0.20000000,1
1506281053,22169801,0.07705002,0.20000000,1
1506281038,22169797,0.07705001,0.12851000,1
1506281036,22169795,0.07705000,0.20000000,1
1506281036,22169793,0.07705000,0.20000000,1
1506281036,22169792,0.07705000,2.18000000,1
1506281023,22169789,0.07705000,0.20000000,1
1506281015,22169786,0.07705000,0.20000000,1
1506280994,22169781,0.07705000,0.12862000,1
1506280981,22169776,0.07704700,0.12829000,1
1506280962,22169775,0.07704700,0.12821000,1
1506280936,22169744,0.07704700,0.12857000,1
1506280923,22169741,0.07721984,5.73387097,0
1506280923,22169740,0.07721983,0.62770764,0
1506280923,22169739,0.07711000,0.29000000,0
1506280922,22169733,0.07704699,3.34842139,0
1506280230,22169434,0.07696199,2.18462910,0
1506280221,22169432,0.07698299,1.83497800,1
1506280220,22169431,0.07698299,2.58000000,0
1506280219,22169430,0.07698299,0.23023000,0
1506280203,22169420,0.07681903,0.12947000,1
1506280035,22169351,0.07699898,0.66811000,0
1506279786,22169222,0.07693000,2.20100000,1
1506279779,22169219,0.07693000,2.79900000,1
1506279777,22169218,0.07693000,0.29000000,1
1506279774,22169216,0.07703672,18.54661625,0
1506279774,22169215,0.07703672,2.58000000,1
1506279774,22169214,0.07703672,8.11300000,1
1506279774,22169213,0.07703671,69.60901700,0
1506279774,22169212,0.07703670,1.68485130,0
1506279773,22169211,0.07703670,0.87656200,1
1506279773,22169210,0.07703500,5.00000000,0
1506279773,22169209,0.07703039,21.37859000,1
1506279771,22169208,0.07703039,12.73350477,0
1506279482,22169093,0.07697100,2.00000000,0
1506279482,22169092,0.07697100,0.53900000,0
1506279438,22169086,0.07680607,5.00000000,1
1506279315,22169054,0.07707763,0.84652125,1
1506279315,22169053,0.07690900,5.00000000,0
1506279314,22169052,0.07674504,21.37858701,1
1506279299,22169050,0.07684217,1.73650800,0
1506279267,22169041,0.07693855,1.98673726,0
1506279192,22169020,0.07693890,0.99650183,0
1506279191,22169016,0.07680000,1.00000000,1
1506279116,22168973,0.07681003,0.22991789,0
1506279061,22168953,0.07700801,0.41698800,0
1506278356,22168757,0.07703256,0.45000000,0
1506278322,22168742,0.07703292,0.19722972,0
1506278177,22168666,0.07705895,3.79822151,0
1506278177,22168665,0.07705893,2.10474816,0
1506278159,22168645,0.07684700,2.34422800,1
1506278158,22168643,0.07684700,2.42525703,1
1506278158,22168642,0.07691997,0.31039197,1
1506278157,22168641,0.07691997,0.23051500,1
1506278110,22168571,0.07707828,4.47181690,0
1506278029,22168511,0.07691997,0.03508130,1
1506278029,22168510,0.07692991,0.63507400,1
1506278029,22168509,0.07692992,0.08048770,1
1506277954,22168490,0.07690997,0.79744037,1
1506277954,22168489,0.07691997,0.28805263,1
1506277945,22168479,0.07691993,0.41040371,1
1506277945,22168478,0.07691997,0.21370263,1
1506277932,22168467,0.07692991,4.61966549,0
1506277932,22168466,0.07691000,0.46470000,0
1506277794,22168304,0.07697985,0.10000000,0
1506277794,22168303,0.07668400,1.04278595,1
1506277784,22168297,0.07681764,2.58000000,1
1506277771,22168290,0.07681761,0.20655473,1
1506277760,22168266,0.07681759,39.94786157,1
1506277759,22168261,0.07681760,1.07770234,1
1506277746,22168202,0.07700000,5.27096462,1
1506277724,22168196,0.07700000,14.72903538,1
1506277724,22168195,0.07700001,0.81955062,1
1506277655,22168044,0.07703700,5.00000000,1
1506277655,22168043,0.07712000,0.46470000,1
1506277642,22168004,0.07709900,0.76439883,1
1506277642,22168002,0.07720000,4.85727417,1
1506277636,22167978,0.07720000,2.96740900,1
1506277630,22167960,0.07720000,1.26819200,1
1506277622,22167943,0.07720000,7.47501235,1
1506277621,22167942,0.07720002,1.62915265,1
1506277619,22167941,0.07720003,0.36096035,1
1506277612,22167933,0.07720001,0.85511449,1
1506277612,22167931,0.07720001,0.38623051,1
1506277604,22167923,0.07720000,5.47060121,1
1506277603,22167921,0.07720001,2.91939879,0
1506277558,22167822,0.07736127,0.28225248,0
1506277454,22167775,0.07736253,0.10000000,0
1506277420,22167756,0.07720182,0.17849347,1
1506277284,22167703,0.07727002,0.17000000,1
1506277284,22167702,0.07727002,2.40913872,1
1506277263,22167692,0.07727002,0.17086128,1
1506277246,22167687,0.07727000,0.28807989,0
1506276792,22167538,0.07740500,2.29471611,1
1506276792,22167537,0.07742000,0.28800000,1
1506276791,22167536,0.07745000,0.51441489,1
1506276528,22167420,0.07752489,0.24894696,0
1506276512,22167413,0.07744000,0.28792011,0
1506276512,22167411,0.07743000,0.00003648,0
1506276510,22167408,0.07743000,0.36276352,0
1506276436,22167390,0.07755000,0.10000000,0
1506276424,22167388,0.07756989,0.22013464,0
1506276296,22167354,0.07744407,5.89279600,1
1506276266,22167342,0.07754900,5.00000000,1
1506276261,22167334,0.07755500,0.36478900,1
1506276259,22167332,0.07755500,3.61500600,1
1506276218,22167280,0.07775989,0.44446908,0
1506276212,22167273,0.07758100,5.00000000,1
1506276212,22167272,0.07759000,0.28800000,1
1506276205,22167258,0.07760400,3.20900663,1
1506276205,22167257,0.07760616,1.32819337,1
1506276205,22167256,0.07761000,0.46280000,1
1506276201,22167250,0.07761003,5.00000000,1
1506276194,22167241,0.07762000,5.00000000,1
1506276179,22167212,0.07763700,3.51797700,1
1506276166,22167200,0.07765801,0.08792497,1
1506276127,22167166,0.07769200,0.12036000,1
1506276098,22167136,0.07781953,0.23000000,0
1506276075,22167095,0.07781955,0.27000000,0
1506276043,22167067,0.07764407,1.76102329,1
1506276034,22167045,0.07781974,10.00000000,0
1506276013,22167023,0.07764407,0.20000000,1
1506275907,22166977,0.07762003,0.20000000,1
1506275906,22166973,0.07796689,6.98378725,0
1506275906,22166972,0.07796689,0.66186541,1
1506275906,22166970,0.07788748,0.20000000,0
1506275905,22166968,0.07787075,4.27459014,0
1506275905,22166966,0.07787075,5.00000000,1
1506275905,22166965,0.07783481,7.96431089,0
1506275904,22166961,0.07780000,18.00000000,0
1506275904,22166960,0.07780000,2.58000000,1
1506275904,22166959,0.07780000,2.32950800,1
1506275904,22166957,0.07780000,1.01300200,1
1506275904,22166955,0.07780000,2.08000000,1
1506275904,22166954,0.07780000,0.33000000,1
1506275903,22166946,0.07779992,2.46261117,0
1506275903,22166944,0.07779000,11.70485887,0
1506275902,22166940,0.07778986,2.58000000,0
1506275902,22166937,0.07778959,19.79856000,0
1506275901,22166936,0.07778958,3.33596506,1
1506275901,22166933,0.07778958,0.32987416,0
1506275820,22166905,0.07771695,1.90000000,0
1506275819,22166904,0.07770000,0.10000000,0
1506275656,22166867,0.07745203,0.14044000,1
1506275653,22166866,0.07763100,5.00000000,0
1506275652,22166865,0.07763087,25.00000000,0
1506275642,22166862,0.07760100,4.99999987,0
1506275642,22166861,0.07759000,0.18308000,0
1506275642,22166860,0.07758999,0.08828413,0
1506275640,22166858,0.07739820,0.12587300,1
1506275637,22166857,0.07739819,0.50000000,1
1506275635,22166853,0.07739816,0.50000000,1
1506275617,22166846,0.07754900,5.00000000,0
1506275617,22166845,0.07753000,0.28800000,0
1506275616,22166844,0.07747633,0.20000000,0
1506275587,22166832,0.07751100,0.59874900,0
1506275587,22166831,0.07747633,0.20000000,0
1506275587,22166830,0.07747566,4.82909500,0
1506274963,22166633,0.07734207,1.36910468,0
1506274963,22166632,0.07734207,1.18191319,0
1506274963,22166631,0.07734207,0.11795732,0
1506274961,22166629,0.07735000,0.28800000,1
1506274935,22166617,0.07738700,0.66000000,1
1506274561,22166523,0.07757797,1.00000000,0
1506274534,22166520,0.07741000,1.10541474,1
1506274521,22166517,0.07742400,2.15012800,1
1506274513,22166516,0.07745000,0.64732151,1
1506274511,22166512,0.07745000,2.20255100,1
1506274509,22166511,0.07745000,33.22200000,1
1506274501,22166509,0.07745000,0.23764655,1
1506274408,22166494,0.07745000,0.10551900,1
1506274359,22166477,0.07745000,0.20000000,1
1506274357,22166475,0.07745000,0.09809600,1
1506274351,22166473,0.07745000,0.20000000,1
1506274349,22166472,0.07745000,0.53998200,1
1506274337,22166467,0.07746000,0.18308000,1
1506274209,22166406,0.07745000,0.09774100,1
1506273969,22166368,0.07745003,5.15000000,1
1506273963,22166365,0.07745000,0.28800000,1
1506273961,22166364,0.07758997,3.00000000,0
1506273937,22166358,0.07745000,0.54523590,1
1506273815,22166330,0.07750800,5.00000000,0
1506273815,22166329,0.07748000,0.00006200,0
1506273595,22166256,0.07742500,1.07545688,0
1506273593,22166253,0.07742500,3.92454312,0
1506273593,22166251,0.07741000,0.07605100,0
1506273410,22166215,0.07732000,0.07605100,0
1506273410,22166214,0.07732001,0.82394900,1
1506272590,22165990,0.07746000,0.19394651,0
1506272587,22165982,0.07744000,0.00000530,0
1506272585,22165980,0.07744000,3.92661400,0
1506272456,22165922,0.07743933,0.06441197,0
1506272341,22165869,0.07743998,0.34613300,0
1506272303,22165862,0.07724004,1.60687900,1
1506272280,22165801,0.07728000,0.19394651,1
1506272280,22165800,0.07732381,0.00015287,1
1506272278,22165796,0.07732381,0.34898695,1
1506272219,22165783,0.07738600,0.29716681,0
1506272219,22165782,0.07731995,0.21290827,0
1506272217,22165781,0.07731994,1.48992492,0
1506272217,22165780,0.07731994,2.58000000,0
1506272197,22165776,0.07731960,0.91900000,0
1506272011,22165718,0.07729000,0.31000000,1
1506271982,22165708,0.07731297,0.14646400,0
1506271852,22165676,0.07722600,1.13548442,0
1506271676,22165650,0.07709219,0.22260375,0
1506271676,22165649,0.07709601,0.08828413,1
1506271563,22165628,0.07726949,3.00000000,0
1506271364,22165564,0.07732383,0.25544100,0
1506271123,22165501,0.07722804,0.35129730,1
1506271090,22165485,0.07729602,0.74991726,0
1506271089,22165484,0.07728600,2.08255600,1
1506271088,22165483,0.07728600,1.21642300,1
1506271087,22165482,0.07729000,0.37504000,1
1506271085,22165481,0.07729601,0.69952845,1
1506270695,22165363,0.07740000,2.65633074,1
1506270695,22165362,0.07740006,1.20390355,1
1506269950,22165131,0.07740000,1.00000000,1
1506269804,22165111,0.07746000,0.27028856,1
1506269796,22165107,0.07747000,0.19291144,0
1506269786,22165104,0.07745008,0.09773513,1
1506269630,22165068,0.07743058,1.62643500,1
1506269630,22165067,0.07744000,0.46320000,1
1506269626,22165059,0.07743053,2.35532161,1
1506269623,22165055,0.07743056,5.00000000,1
1506269619,22165051,0.07748000,0.49993800,0
1506269590,22165041,0.07747000,0.26836154,0
1506269589,22165039,0.07747002,0.19473846,1
1506269578,22165032,0.07747001,0.21290827,0
1506269577,22165030,0.07747000,2.19178203,1
1506269577,22165029,0.07748000,0.38814569,1
1506269577,22165026,0.07748000,0.07495431,1
1506269576,22165025,0.07748001,0.38806841,1
1506269126,22164883,0.07754000,2.83364256,0
1506268984,22164864,0.07750000,10.00000000,0
1506268984,22164863,0.07749699,2.58000000,0
1506268967,22164859,0.07749700,1.88186400,0
1506268939,22164825,0.07734400,3.91549300,1
1506268920,22164807,0.07749978,0.18681666,0
1506268601,22164708,0.07749996,2.00000000,0
1506268400,22164642,0.07742000,0.12924680,0
1506268393,22164640,0.07741997,1.40303398,0
1506268222,22164565,0.07728800,0.98446808,1
1506268221,22164564,0.07734997,0.15000000,1
1506267654,22164418,0.07727867,0.20000000,1
1506267641,22164408,0.07727862,0.20000000,1
1506267627,22164395,0.07727839,0.20000000,1
1506267614,22164376,0.07727839,0.20000000,1
1506267609,22164375,0.07727838,0.20000000,1
1506267604,22164370,0.07727839,0.20000000,1
1506267590,22164344,0.07727829,0.44810000,1
1506267585,22164342,0.07727825,0.20000000,1
1506267577,22164338,0.07727817,0.20000000,1
1506267507,22164314,0.07727211,0.20000000,1
1506267452,22164282,0.07738500,4.26597200,0
1506267441,22164278,0.07738500,3.00000000,0
1506267441,22164277,0.07738499,7.29702813,0
1506267429,22164276,0.07721503,0.14287000,1
1506267417,22164270,0.07738099,3.00000000,0
1506267368,22164264,0.07721148,0.14288000,1
1506267214,22164214,0.07722100,0.07935122,1
1506267213,22164213,0.07722107,0.12064878,1
1506267173,22164212,0.07737956,1.61878809,0
1506266654,22164065,0.07734397,0.98768565,0
1506266654,22164064,0.07734397,1.63231435,0
1506266429,22164029,0.07721000,0.20000000,1
1506266367,22164007,0.07721000,0.13496000,1
1506266332,22164003,0.07732595,0.12920000,0
1506266216,22163935,0.07732599,0.17816157,0
1506266214,22163934,0.07729000,0.20297399,0
1506266208,22163930,0.07729000,0.50702601,0
1506266172,22163921,0.07722000,0.46465320,0
1506266171,22163919,0.07712547,0.50808778,1
1506266120,22163889,0.07712467,0.20000000,1
1506265755,22163745,0.07722693,0.61900000,0
1506265548,22163674,0.07710400,0.44310000,1
1506265548,22163673,0.07715000,0.46470000,1
1506265464,22163649,0.07713003,0.31881863,1
1506265429,22163613,0.07725400,0.58633213,0
1506265429,22163612,0.07715001,0.00001938,0
1506265418,22163607,0.07716001,0.14952626,1
1506265399,22163602,0.07714027,0.29808564,1
1506265368,22163563,0.07729994,0.37139414,0
1506265281,22163386,0.07720200,0.68124508,0
1506265281,22163385,0.07719000,0.33941500,0
1506265162,22163299,0.07703326,0.31462313,1
1506265101,22163253,0.07708022,0.31462105,0
1506265030,22163128,0.07720847,1.78274000,1
1506265029,22163127,0.07720847,0.16726000,0
1506264993,22163108,0.07704019,0.22999500,1
1506264976,22163095,0.07707000,0.33941500,1
1506264913,22163080,0.07706023,1.46238100,0
1506264913,22163079,0.07706023,2.62000000,0
1506264869,22163049,0.07705024,0.22999500,1
1506264780,22163021,0.07716199,4.69899933,1
1506264779,22163019,0.07716199,1.13288758,1
1506264748,22163012,0.07697015,0.91499500,1
1506264324,22162915,0.07694000,3.00000000,0
1506264324,22162914,0.07693500,5.00000000,0
1506264324,22162913,0.07693499,8.02119800,0
1506264304,22162903,0.07673703,0.30110617,1
1506264303,22162902,0.07682381,0.00000383,1
1506264282,22162884,0.07682382,0.78832938,1
1506264277,22162871,0.07682382,0.99004488,0
1506264276,22162870,0.07682382,1.42101062,0
1506264274,22162866,0.07682382,2.66366000,0
1506264274,22162864,0.07682381,0.31625000,1
1506264263,22162846,0.07686999,4.99999500,0
1506264257,22162828,0.07681997,0.03296222,0
1506264257,22162824,0.07687699,0.10703778,1
1506264256,22162817,0.07687699,2.48000000,1
1506264255,22162808,0.07687699,11.50074774,1
1506264255,22162807,0.07687699,5.30913648,0
1506264255,22162804,0.07681997,0.14000000,0
1506264255,22162801,0.07681997,2.48422800,0
1506264222,22162777,0.07681997,0.13577200,0
1506264222,22162776,0.07681997,0.16872300,0
1506264046,22162646,0.07665531,2.79999500,1
1506263996,22162557,0.07665258,0.20000000,1
1506263951,22162532,0.07681438,0.16599300,0
1506263951,22162531,0.07679021,0.63434300,0
1506263840,22162463,0.07691991,0.88273673,1
1506263766,22162443,0.07693493,1.23457736,0
1506263703,22162433,0.07678404,3.53137498,1
1506263701,22162431,0.07693534,1.00000000,0
1506263590,22162417,0.07677942,0.95616183,1
1506263581,22162413,0.07677901,2.58990280,1
1506263581,22162412,0.07681284,0.08596814,1
1506263504,22162364,0.07686874,0.34991296,0
1506263357,22162318,0.07687415,7.39656972,1
1506263357,22162316,0.07687417,5.72911728,1
1506263315,22162302,0.07687174,0.20000000,1
1506263276,22162293,0.07704213,0.07000000,0
1506263151,22162242,0.07692863,5.05911728,1
1506263150,22162240,0.07710460,0.60000000,0
1506262991,22162180,0.07707906,0.16462941,0
1506262845,22162142,0.07692456,0.24852572,1
1506262699,22162071,0.07692272,0.21496500,1
1506262697,22162068,0.07692272,5.05911728,1
1506262697,22162067,0.07692272,1.80011200,1
1506262696,22162066,0.07708061,2.92580000,1
1506262695,22162063,0.07692271,0.64371108,0
1506262694,22162058,0.07692268,10.00000000,1
1506262694,22162054,0.07692271,1.46318200,1
1506262666,22162023,0.07708152,1.27346300,0
1506262662,22162020,0.07708171,0.06904400,0
1506262650,22161998,0.07708971,2.74193600,0
1506262650,22161997,0.07708000,0.28900000,0
1506262633,22161981,0.07692200,1.30000000,1
1506262624,22161970,0.07701900,4.76608370,1
1506262609,22161952,0.07708000,1.16108455,1
1506262534,22161913,0.07713973,0.57119947,0
1506262534,22161912,0.07713972,4.13700000,0
1506262533,22161909,0.07713973,1.35300000,0
1506262475,22161878,0.07715700,2.81319900,1
1506262475,22161875,0.07715700,2.18680100,1
1506262442,22161843,0.07731071,1.00000000,0
1506262392,22161769,0.07714707,4.18224882,0
1506262391,22161768,0.07714713,2.30755118,1
1506262390,22161767,0.07714713,0.31244882,1
1506262390,22161766,0.07718251,0.00011387,1
1506262376,22161725,0.07718251,4.71430251,1
1506262360,22161695,0.07718251,1.21583000,1
1506262350,22161689,0.07718251,0.18135560,1
1506262325,22161664,0.07718257,0.09343500,1
1506262290,22161662,0.07718525,1.28230701,1
1506262271,22161655,0.07718528,1.15409000,1
1506262236,22161615,0.07718518,2.85671500,1
1506262229,22161612,0.07718509,2.62000000,1
1506262195,22161601,0.07718500,0.11407500,1
1506262171,22161583,0.07734999,0.25792014,0
1506262107,22161419,0.07721100,0.96000000,1
1506262105,22161414,0.07721100,4.04000000,1
1506262100,22161398,0.07720607,0.20000000,1
1506262030,22161283,0.07729975,2.06336539,0
1506261923,22161206,0.07718251,0.08978600,1
1506261842,22161171,0.07718251,2.22703800,1
1506261835,22161168,0.07718251,2.49887400,1
1506261791,22161159,0.07718251,0.10000000,1
1506261763,22161145,0.07718251,0.80871300,1
1506261750,22161137,0.07718251,0.10589700,1
1506261740,22161121,0.07718251,1.15527700,1
1506261738,22161119,0.07718251,8.10015423,1
1506261673,22161099,0.07722100,0.15459000,1
1506261507,22161021,0.07739999,29.31322394,0
1506261507,22161020,0.07739999,4.00000000,1
1506261507,22161016,0.07735252,2.89079600,1
1506261506,22161015,0.07735252,3.33472731,1
1506261505,22161014,0.07735252,1.52845100,0
1506261415,22160972,0.07718698,0.97357500,1
1506261374,22160963,0.07718677,0.55487600,1
1506261283,22160891,0.07730000,0.14329300,0
1506261275,22160844,0.07731977,0.34510663,0
1506261274,22160843,0.07731977,0.34651439,0
1506261274,22160837,0.07731977,1.04162226,0
1506261273,22160835,0.07731977,33.07917940,0
1506261273,22160832,0.07729998,1.10612400,1
1506261272,22160824,0.07729998,2.62000000,1
1506261225,22160763,0.07731982,0.23272900,0
1506261147,22160745,0.07735944,21.80951000,0
1506261146,22160744,0.07734000,3.00000000,0
1506261144,22160734,0.07735944,6.86144330,0
1506261139,22160717,0.07735948,6.85203641,0
1506261137,22160710,0.07735949,1.71010683,0
1506261137,22160708,0.07735949,0.17007677,0
1506261137,22160707,0.07735949,1.65992322,0
1506261137,22160706,0.07735946,1.88018360,0
1506260928,22160577,0.07719906,0.86887292,1
1506260895,22160549,0.07724500,2.08805800,1
1506260895,22160548,0.07725000,0.28900000,1
1506260890,22160547,0.07729560,1.87250000,1
1506260881,22160546,0.07732301,0.74758700,1
1506260811,22160534,0.07747920,2.33136532,0
1506260786,22160511,0.07735604,0.12887900,1
1506260627,22160438,0.07755397,0.12880000,0
1506260530,22160396,0.07744000,0.21631700,0
1506260503,22160392,0.07736220,0.25000000,1
1506260350,22160349,0.07736122,2.00000000,1
1506260307,22160339,0.07744000,0.24520400,0
1506260263,22160282,0.07736066,0.77847800,1
1506260259,22160279,0.07736063,0.25164300,0
1506260184,22160254,0.07739202,0.11448000,1
1506260160,22160222,0.07744503,0.71913800,1
1506260113,22160175,0.07744501,0.38074600,1
1506260085,22160165,0.07744501,0.09172500,1
1506260077,22160161,0.07744501,0.79602000,1
1506260059,22160154,0.07744501,1.82398000,1
1506260023,22160114,0.07753300,1.34011700,1
1506260022,22160112,0.07753300,0.35822030,1
1506260022,22160111,0.07756999,4.64177970,1
1506260017,22160105,0.07756999,0.54778000,1
1506260016,22160102,0.07756999,2.14890600,1
1506260012,22160100,0.07756999,2.44150000,1
1506260011,22160096,0.07756999,0.54778000,1
1506260010,22160092,0.07756999,1.65250000,1
1506260005,22160081,0.07756999,0.35598000,1
1506260000,22160071,0.07756999,0.89129900,1
1506259999,22160068,0.07756999,0.20000000,1
1506259997,22160065,0.07756999,0.89129900,1
1506259997,22160063,0.07756999,1.29667500,1
1506259996,22160061,0.07756999,11.98151100,1
1506259996,22160060,0.07756999,0.54780600,1
1506259993,22160053,0.07756999,23.24336900,1
1506259989,22160047,0.07756999,0.54778000,1
1506259988,22160046,0.07757002,3.47146600,1
1506259981,22160039,0.07756999,24.12557000,1
1506259980,22160038,0.07756999,12.51720700,1
1506259980,22160037,0.07756999,5.00000000,1
1506259978,22160036,0.07756999,0.30992239,1
1506259977,22160035,0.07756999,40.55879800,1
1506259973,22160033,0.07756999,0.54763000,1
1506259972,22160031,0.07756999,34.66286700,1
1506259970,22160027,0.07756999,0.28540100,1
1506259965,22160025,0.07756999,1.41960000,1
1506259956,22160024,0.07756999,2.89142600,1
1506259955,22160023,0.07756999,1.00949500,1
1506259953,22160022,0.07756999,1.29935000,1
1506259952,22160021,0.07756999,147.47007749,1
1506259952,22160020,0.07757000,1.56578751,1
1506259946,22160015,0.07756999,3.25095800,1
1506259945,22160013,0.07757000,1.74269492,1
1506259932,22160008,0.07756999,1.01821186,1
1506259932,22160007,0.07756999,4.98628100,1
1506259931,22160004,0.07756999,7.04900000,1
1506259889,22159993,0.07760999,1.10805322,0
1506259775,22159968,0.07749998,11.70485887,1
1506259775,22159967,0.07749998,30.26212876,1
1506259775,22159966,0.07751000,0.46160000,1
1506259764,22159964,0.07749998,24.57118100,1
1506259756,22159953,0.07749998,3.00193800,1
1506259743,22159947,0.07749998,3.98007200,1
1506259740,22159945,0.07749998,0.37662167,1
1506259736,22159944,0.07749998,22.76789700,1
1506259728,22159941,0.07749998,4.16211000,1
1506259717,22159936,0.07749998,0.13110900,1
1506259707,22159930,0.07749998,48.93316600,1
1506259707,22159929,0.07749998,3.00000000,1
1506259611,22159891,0.07749998,0.19594000,1
1506259570,22159884,0.07749998,2.65603200,1
1506259567,22159882,0.07749998,2.00000000,1
1506259561,22159881,0.07758999,1.00000000,0
1506259546,22159878,0.07749998,0.20000000,1
1506259515,22159871,0.07749998,0.20000000,1
1506259428,22159851,0.07762499,39.75027204,0
1506259426,22159845,0.07750000,0.80116278,0
1506259421,22159839,0.07749998,0.18349000,1
1506259421,22159838,0.07749998,0.10417400,1
1506259416,22159836,0.07749998,0.20000000,1
1506259402,22159833,0.07749998,0.20000000,1
1506259397,22159832,0.07749998,3.77000000,1
1506259396,22159830,0.07749998,0.18638200,1
1506259389,22159827,0.07749998,0.20000000,1
1506259382,22159824,0.07749998,1.87526857,1
1506259381,22159823,0.07749999,1.12473143,1
1506259370,22159820,0.07749999,0.86000000,0
1506259370,22159819,0.07749999,0.14581025,0
1506259363,22159817,0.07749998,0.20000000,1
1506259353,22159813,0.07749998,0.94167100,1
1506259352,22159812,0.07749998,0.20000000,1
1506259347,22159811,0.07749998,2.52321400,1
1506259336,22159809,0.07749998,0.20000000,1
1506259325,22159803,0.07749998,3.57560600,1
1506259318,22159799,0.07749998,0.16811300,1
1506259308,22159795,0.07749998,8.85320500,1
1506259286,22159787,0.07749998,4.09372100,1
1506259279,22159784,0.07749998,0.21193700,1
1506259260,22159780,0.07749998,0.16081100,1
1506259260,22159778,0.07749998,4.40713300,1
1506259254,22159774,0.07749998,0.77899900,1
1506259221,22159769,0.07749998,0.12270000,1
1506259213,22159766,0.07749998,0.12270000,1
1506259203,22159759,0.07749998,4.41400100,1
1506259201,22159758,0.07749998,3.38495900,1
1506259191,22159754,0.07749998,0.98772000,1
1506259188,22159751,0.07749998,0.10000000,1
1506259183,22159748,0.07749998,12.93300000,1
1506259182,22159747,0.07749998,2.00000000,1
1506259180,22159746,0.07749999,1.85418975,1
1506259174,22159745,0.07749999,0.50000000,1
1506259171,22159743,0.07749998,0.50000000,1
1506259170,22159741,0.07749998,0.06700000,1
1506259169,22159740,0.07749998,0.31000000,1
1506259169,22159739,0.07749998,0.26200000,1
1506259165,22159735,0.07749998,22.52800000,1
1506259165,22159734,0.07749998,20.17600000,1
1506259162,22159733,0.07749991,2.62000000,0
1506259101,22159681,0.07749998,0.07109000,0
1506259093,22159671,0.07748997,2.17744500,1
1506259092,22159668,0.07747000,0.00000500,0
1506259092,22159666,0.07747000,0.12999500,0
1506259026,22159601,0.07744789,0.32800000,1
1506259015,22159592,0.07728625,0.14287000,1
1506259010,22159582,0.07728593,0.14284000,1
1506258975,22159559,0.07732205,0.14284000,1
1506258962,22159547,0.07732141,0.20000000,1
1506258938,22159540,0.07732013,0.12975137,1
1506258936,22159536,0.07732000,0.16081100,1
1506258899,22159517,0.07740893,2.49454500,0
1506258893,22159514,0.07734900,1.03308560,0
1506258888,22159507,0.07734899,2.13098800,0
1506258888,22159506,0.07734000,0.46340000,0
1506258875,22159491,0.07734900,0.00000262,1
1506258874,22159490,0.07734900,4.37113000,1
1506258873,22159485,0.07734900,3.24886738,1
1506258872,22159484,0.07734900,5.00000000,0
1506258748,22159443,0.07723299,0.04664075,1
1506258719,22159429,0.07723330,0.14297000,1
1506258697,22159418,0.07723328,0.35635722,1
1506258692,22159417,0.07723327,0.50000000,1
1506258672,22159410,0.07724183,0.50000000,1
1506258668,22159402,0.07724184,0.50000000,1
1506258662,22159400,0.07724172,0.50000000,1
1506258656,22159398,0.07724139,0.50000000,1
1506258653,22159396,0.07724126,0.42400000,1
1506258648,22159392,0.07724111,0.50000000,1
1506258643,22159389,0.07724083,0.50000000,1
1506258639,22159386,0.07724072,0.50000000,1
1506258633,22159374,0.07724055,0.50000000,1
1506258627,22159354,0.07724056,0.50000000,1
1506258622,22159349,0.07724044,0.50000000,1
1506258620,22159348,0.07724028,0.10000000,1
1506258617,22159347,0.07724027,0.50000000,1
1506258612,22159343,0.07723407,0.03660000,1
1506258611,22159342,0.07724000,0.46340000,1
1506258606,22159339,0.07723409,0.10000000,1
1506258603,22159337,0.07723390,0.50000000,1
1506258595,22159330,0.07723342,0.59000000,1
1506258589,22159322,0.07733300,2.51000000,0
1506258588,22159321,0.07730000,0.95802300,0
1506258586,22159319,0.07723302,4.77873000,0
1506258586,22159318,0.07723302,0.22127000,0
1506258477,22159204,0.07726297,3.43576900,0
1506258477,22159203,0.07722000,0.36510039,0
1506258466,22159187,0.07719999,0.98995700,0
1506258466,22159185,0.07719999,0.90450400,0
1506258443,22159164,0.07706783,0.14318000,1
1506258435,22159157,0.07706750,0.14318000,1
1506258423,22159136,0.07706720,0.14318000,1
1506258403,22159113,0.07713000,0.48004300,1
1506258391,22159081,0.07722500,3.53000000,1
1506258386,22159074,0.07722495,0.98995700,0
1506258349,22158998,0.07716200,0.61102875,1
1506258339,22158983,0.07717500,1.45192000,1
1506258336,22158969,0.07717500,3.54808000,1
1506258334,22158959,0.07718905,0.23351512,1
1506258333,22158957,0.07718905,2.66610000,1
1506258333,22158953,0.07718905,4.99323933,1
1506258332,22158950,0.07718891,3.58994865,0
1506258331,22158945,0.07718892,0.23351512,1
1506258328,22158942,0.07718891,0.38400000,1
1506258323,22158935,0.07718878,0.49600000,1
1506258322,22158934,0.07718875,0.23369000,1
1506258317,22158919,0.07718859,0.14310000,1
1506258317,22158918,0.07718859,0.50000000,1
1506258310,22158911,0.07718859,0.14310000,1
1506258307,22158908,0.07718859,0.26513000,1
1506258306,22158903,0.07718846,0.39921538,1
1506258295,22158893,0.07718813,0.46872100,1
1506258285,22158878,0.07721156,0.17901000,1
1506258285,22158877,0.07721156,0.14308907,1
1506258285,22158876,0.07721159,0.20000000,1
1506258270,22158869,0.07721146,0.50000000,0
1506258261,22158857,0.07721113,0.16678529,1
1506258260,22158856,0.07724800,0.00000037,0
1506258259,22158854,0.07724800,4.99999963,0
1506258259,22158853,0.07723614,0.26107737,0
1506258256,22158845,0.07721100,0.29132326,1
1506258255,22158844,0.07719953,0.20000000,0
1506258247,22158841,0.07721100,1.65656600,0
1506258243,22158839,0.07721289,0.77171700,0
1506258243,22158838,0.07719953,0.20000000,0
1506258207,22158825,0.07704000,0.36510039,1
1506258201,22158824,0.07704003,0.50000000,1
1506258196,22158823,0.07699000,0.21636252,1
1506258196,22158822,0.07703011,0.01763399,1
1506258184,22158816,0.07703011,0.50000000,1
1506258183,22158815,0.07703011,0.46636600,1
1506258179,22158811,0.07703011,1.63600001,1
1506258179,22158810,0.07703012,0.98399999,1
1506258178,22158809,0.07703014,2.38007200,1
1506258172,22158804,0.07703011,0.47350322,1
1506258170,22158800,0.07703010,0.20000000,1
1506258163,22158797,0.07703007,0.46616900,1
1506258136,22158780,0.07715902,0.20000000,0
1506258117,22158760,0.07713299,2.25657700,0
1506258117,22158759,0.07713299,3.03009400,0
1506258101,22158744,0.07712897,13.73532510,0
1506258101,22158743,0.07708282,0.49984809,0
1506258081,22158720,0.07708299,0.00000478,1
1506258081,22158714,0.07708299,0.48514000,1
1506258079,22158708,0.07708299,6.30257480,1
1506258078,22158707,0.07708299,0.48505342,0
1506258069,22158699,0.07703200,5.00000000,0
1506258057,22158693,0.07703600,5.00000000,0
1506258057,22158691,0.07701000,0.46340000,0
1506258038,22158682,0.07687369,0.14377000,1
1506257931,22158605,0.07690101,2.03054551,1
1506257917,22158580,0.07700097,0.49094408,0
1506257916,22158578,0.07700097,5.00000000,0
1506257912,22158572,0.07684119,0.89293499,1
1506257912,22158571,0.07684122,2.88000880,1
1506257910,22158570,0.07684118,2.87994016,0
1506257879,22158553,0.07684025,3.11420573,1
1506257879,22158551,0.07685000,0.00010474,1
1506257878,22158547,0.07685000,0.46329526,1
1506257859,22158537,0.07689100,5.00000000,1
1506257846,22158524,0.07692000,3.93992699,1
1506257845,22158522,0.07692003,1.05999087,1
1506257844,22158519,0.07692000,0.14350000,1
1506257814,22158499,0.07705300,0.00010499,0
1506257814,22158498,0.07700000,1.77619468,1
1506257812,22158496,0.07700000,0.14370033,0
1506257798,22158493,0.07700000,41.97436800,0
1506257790,22158488,0.07699000,0.14370000,0
1506257783,22158482,0.07700000,0.25000000,0
1506257783,22158480,0.07699999,2.98138612,0
1506257616,22158430,0.07699966,3.64499456,1
1506257616,22158429,0.07699000,0.29004243,0
1506257606,22158416,0.07680187,1.00000000,1
1506257606,22158415,0.07680187,9.12519666,1
1506257604,22158407,0.07681000,0.29000000,1
1506257580,22158382,0.07690000,1.00000000,0
1506257443,22158352,0.07680015,0.14370000,1
1506257429,22158343,0.07680010,0.20000000,1
1506257412,22158340,0.07680003,0.14370000,1
1506257399,22158325,0.07680000,0.14370000,1
1506257172,22158184,0.07684472,0.18924900,0
1506257172,22158182,0.07684461,2.62000000,0
1506257118,22158166,0.07670000,0.46442997,0
1506257099,22158136,0.07671074,0.60960755,1
1506257052,22158082,0.07671057,0.14999500,1
1506256822,22157987,0.07671015,1.19780100,1
1506256731,22157919,0.07671003,3.78999500,1
1506256651,22157887,0.07675000,0.46442997,1
1506256608,22157878,0.07670003,0.09693852,0
1506256546,22157835,0.07676000,0.00015142,1
1506256527,22157833,0.07676000,1.03921314,1
1506256476,22157817,0.07676000,0.10390244,1
1506256467,22157811,0.07676000,0.30673300,1
1506256463,22157810,0.07676000,0.50000000,1
1506256176,22157738,0.07679650,0.32280143,0
1506256021,22157684,0.07671786,0.02375665,1
1506256021,22157683,0.07671786,0.22614135,0
1506255966,22157669,0.07655006,2.32006000,1
1506255910,22157642,0.07655608,2.62000000,1
1506255841,22157605,0.07668296,0.25037600,0
1506255787,22157580,0.07650056,0.96999500,1
1506255663,22157523,0.07648003,0.99999500,1
1506255648,22157519,0.07663595,0.23520000,0
1506255646,22157517,0.07663593,2.97300000,0
1506255640,22157504,0.07663499,0.35320900,0
1506255623,22157494,0.07645455,3.31062093,1
1506255541,22157456,0.07645389,0.99999500,1
1506255418,22157412,0.07647003,1.85167929,1
1506255387,22157389,0.07645232,0.13458200,1
1506255352,22157373,0.07655799,0.43100374,0
1506255352,22157372,0.07655799,2.62000000,0
1506255328,22157367,0.07645803,1.77392477,0
1506255328,22157365,0.07645803,0.35448423,0
1506255184,22157322,0.07646003,0.20260267,1
1506255176,22157319,0.07647077,0.65536700,1
1506253887,22156933,0.07649227,0.17310834,1
1506253863,22156926,0.07649219,0.26600230,1
1506253713,22156824,0.07662000,0.21732806,1
1506253713,22156823,0.07662000,1.32387100,1
1506253713,22156822,0.07662000,0.24999500,1
1506253503,22156765,0.07662000,0.13880594,1
1506253503,22156764,0.07665004,0.12478410,1
1506253502,22156763,0.07673000,0.28995757,0
1506253096,22156657,0.07669999,5.00000000,0
1506253022,22156596,0.07673993,0.32265054,0
1506252847,22156501,0.07647144,0.13486700,1
1506252773,22156463,0.07643016,0.11512800,1
1506252772,22156458,0.07643003,0.13487200,1
1506252766,22156448,0.07661980,7.62000000,0
1506252764,22156444,0.07661983,4.83452566,0
1506252728,22156431,0.07645406,1.05549700,0
1506252726,22156430,0.07652820,0.00026500,1
1506252639,22156362,0.07645406,0.37880000,0
1506252243,22156180,0.07656589,0.23878200,0
1506252205,22156156,0.07656589,0.82236500,0
1506252162,22156127,0.07653000,1.31319800,1
1506252119,22156099,0.07653000,0.63680200,1
1506252114,22156091,0.07656589,0.73899000,0
1506252075,22156079,0.07656589,3.91458500,0
1506252020,22156049,0.07656599,0.32609060,0
1506251980,22156004,0.07645598,0.29000000,0
1506251980,22156003,0.07645598,4.25398800,0
1506251948,22155950,0.07662993,0.43499966,0
1506251945,22155942,0.07645300,0.00000034,0
1506251944,22155940,0.07645300,4.99999966,0
1506251944,22155939,0.07641906,0.00000034,0
1506251941,22155931,0.07641906,2.41874600,0
1506251941,22155930,0.07641906,2.77284800,0
1506251932,22155895,0.07641906,10.29508251,0
1506251932,22155892,0.07641906,5.00000000,0
1506251931,22155888,0.07645000,0.29000000,1
1506251931,22155885,0.07647000,0.26102315,1
1506251903,22155845,0.07659000,0.46530000,0
1506251903,22155844,0.07658000,0.21649734,0
1506251553,22155724,0.07646742,0.61782418,1
1506251511,22155720,0.07651013,8.72518984,1
1506251489,22155713,0.07661000,0.24880266,1
1506251465,22155697,0.07661000,0.91526700,1
1506251367,22155658,0.07661000,0.28107000,1
1506251253,22155638,0.07661000,0.50486034,1
1506251048,22155571,0.07657600,5.00000000,1
1506251047,22155566,0.07659000,0.46530000,1
1506250995,22155540,0.07660100,1.83843180,1
1506250866,22155497,0.07668200,0.21121100,1
1506250855,22155493,0.07669083,2.12038855,1
1506250855,22155492,0.07669083,0.10168906,1
1506250847,22155491,0.07669086,2.15754000,1
1506250829,22155483,0.07669086,0.14013300,1
1506250806,22155469,0.07669086,0.50270400,1
1506250774,22155445,0.07669083,0.25348900,1
1506250768,22155439,0.07671000,0.21121100,1
1506250755,22155419,0.07669091,0.14906600,1
1506250543,22155245,0.07668700,5.00000000,0
1506250530,22155242,0.07668400,5.00000000,0
1506250515,22155232,0.07650220,0.44999500,0
1506250512,22155228,0.07650219,9.32147956,1
1506250349,22155169,0.07658700,4.99612500,0
1506250340,22155167,0.07656200,0.29000000,0
1506250339,22155164,0.07650000,0.00000010,0
1506250279,22155148,0.07650000,10.72394000,0
1506250210,22155130,0.07640650,0.23428500,1
1506250205,22155127,0.07640636,2.23427500,0
1506250052,22155106,0.07650000,0.19990000,0
1506250042,22155095,0.07650000,1.75108100,0
1506249988,22155059,0.07650000,39.28927592,0
1506249987,22155058,0.07649999,3.46969347,0
1506249987,22155057,0.07649999,1.26490761,0
1506249528,22154839,0.07644300,5.00000000,1
1506249496,22154829,0.07659988,9.55649978,1
1506249495,22154828,0.07659988,3.46969321,0
1506249425,22154811,0.07660000,5.76382167,0
1506249425,22154810,0.07659994,2.62000000,1
1506249423,22154809,0.07659994,4.64235657,0
1506249276,22154785,0.07658600,1.40659701,0
1506249274,22154784,0.07658000,0.12139672,0
1506249139,22154746,0.07644115,0.91142211,0
1506249053,22154716,0.07660000,0.09231000,0
1506248997,22154678,0.07660000,47.17967131,0
1506248997,22154677,0.07659545,8.34615469,0
1506248984,22154663,0.07659548,0.64659607,0
1506248978,22154662,0.07659556,5.00000000,0
1506248899,22154621,0.07643000,0.12139672,1
1506248899,22154620,0.07650097,0.00009868,1
1506248821,22154577,0.07643000,5.00000000,0
1506248780,22154551,0.07633199,2.19873159,0
1506248780,22154550,0.07633199,0.12703241,0
1506248707,22154520,0.07624400,0.07898000,1
1506248705,22154518,0.07624400,2.33400000,0
1506248705,22154517,0.07622987,0.12460000,0
1506248703,22154516,0.07624400,2.66600000,0
1506248703,22154515,0.07623000,0.29100000,0
1506248687,22154514,0.07621971,4.32570000,0
1506248682,22154511,0.07621984,0.12460000,0
1506248644,22154507,0.07620454,0.62207500,1
1506248624,22154494,0.07618722,4.51546300,0
1506248192,22154334,0.07618124,0.12703241,0
1506248188,22154333,0.07602649,0.22165488,1
1506248175,22154327,0.07606596,3.27343750,1
1506248174,22154324,0.07606980,0.12703241,1
1506248171,22154314,0.07606980,0.22999500,1
1506248163,22154303,0.07606599,4.64297300,0
1506248159,22154300,0.07606600,0.35702741,0
1506248151,22154296,0.07605800,4.99999971,0
1506248151,22154295,0.07605795,8.51607229,0
1506248151,22154294,0.07605795,1.45394000,0
1506248150,22154293,0.07605795,1.01606500,0
1506248150,22154292,0.07605795,1.20875300,0
1506248149,22154289,0.07600813,3.05791925,0
1506248130,22154284,0.07600813,0.35750120,0
1506248129,22154282,0.07600813,2.00740400,0
1506248125,22154280,0.07600813,0.41559300,0
1506248110,22154276,0.07600813,0.71705200,0
1506248110,22154275,0.07600813,0.29780400,0
1506248106,22154274,0.07600813,0.52223800,0
1506248090,22154272,0.07600813,2.71345700,0
1506248089,22154271,0.07600813,0.49365400,0
1506248087,22154270,0.07600813,0.85338800,0
1506248080,22154268,0.07600813,0.37935600,0
1506248072,22154263,0.07600813,12.91289400,0
1506248061,22154259,0.07600813,0.42822100,0
1506248059,22154258,0.07600813,1.21379000,0
1506248051,22154250,0.07600813,0.31655400,0
1506248051,22154249,0.07600813,0.35755950,0
1506248050,22154247,0.07600813,0.20363500,0
1506248049,22154246,0.07600813,0.71094200,0
1506248047,22154245,0.07600813,1.94176500,0
1506248044,22154244,0.07600813,0.74076000,0
1506248042,22154243,0.07600813,0.15775000,0
1506248029,22154225,0.07600813,7.00377200,0
1506248016,22154222,0.07600813,0.21366432,0
1506248014,22154220,0.07600813,0.21366432,0
1506248008,22154213,0.07600812,1.02573200,0
1506248008,22154212,0.07600813,0.35773061,0
1506248003,22154210,0.07600813,0.54326000,0
1506247942,22154169,0.07603272,0.15000000,1
1506247942,22154167,0.07603272,1.42443399,1
1506247942,22154166,0.07603273,2.47000500,1
1506247940,22154162,0.07603273,0.14999500,1
1506247938,22154150,0.07603268,0.64948671,0
1506247937,22154149,0.07603271,8.51607229,1
1506247665,22154039,0.07616596,1.30977894,0
1506247100,22153808,0.07614200,1.11796678,1
1506247100,22153807,0.07614200,32.55303322,1
1506247099,22153806,0.07614201,1.11796678,1
1506247099,22153805,0.07614204,0.99902537,1
1506247091,22153802,0.07614068,71.32900000,0
1506247053,22153776,0.07614076,1.60079100,0
1506246493,22153614,0.07614400,0.70198675,0
1506246493,22153613,0.07614400,0.99217169,0
1506246312,22153548,0.07608000,1.84619500,1
1506246241,22153544,0.07608000,0.11380500,1
1506246068,22153485,0.07613907,2.54780000,0
1506246068,22153484,0.07613000,0.46820000,0
1506245625,22153351,0.07604000,0.29100000,1
1506245615,22153349,0.07610000,24.46906833,1
1506245614,22153348,0.07611000,0.16820000,1
1506245614,22153345,0.07611000,0.30000000,1
1506245594,22153341,0.07610000,17.64900000,1
1506245202,22153280,0.07612397,1.68000000,0
1506245202,22153279,0.07612397,0.89188665,0
1506245172,22153272,0.07612397,1.67811335,0
1506244982,22153231,0.07603279,0.06165433,0
1506244980,22153230,0.07603278,0.43834567,0
1506244911,22153220,0.07600247,0.14270600,0
1506244897,22153212,0.07600245,0.71095600,0
1506244891,22153209,0.07600000,0.29104842,0
1506244750,22153185,0.07588559,0.22490393,1
1506244747,22153179,0.07588540,4.45029900,1
1506244709,22153152,0.07605981,0.00010057,1
1506244708,22153149,0.07605981,4.99989943,1
1506244311,22152957,0.07614897,0.06549701,0
1506244264,22152894,0.07601803,1.94408900,1
1506244088,22152798,0.07625784,0.99750832,0
1506243656,22152608,0.07620903,2.75894000,0
1506243655,22152607,0.07627000,0.29100000,1
1506243655,22152606,0.07631000,1.92000000,1
1506243524,22152549,0.07633099,1.30215330,0
1506243521,22152548,0.07633099,1.03719800,0
1506243375,22152480,0.07637118,0.24077200,1
1506243373,22152473,0.07637117,12.38536900,1
1506243366,22152461,0.07637114,0.00020000,1
1506243366,22152460,0.07642030,0.10000000,1
1506243102,22152348,0.07649990,0.00007712,1
1506242842,22152281,0.07649990,0.99992288,1
1506242770,22152261,0.07649993,0.26457000,1
1506242652,22152231,0.07658000,1.86675000,1
1506242645,22152224,0.07658000,0.07325000,1
1506242436,22152142,0.07646041,0.29146300,1
1506242392,22152119,0.07643028,0.33779500,1
1506242370,22152111,0.07642120,0.33777700,1
1506242197,22152061,0.07632003,0.17384546,1
1506241859,22151956,0.07669980,1.87835947,0
1506241824,22151916,0.07657018,0.29583738,1
1506241824,22151915,0.07670000,0.00013262,1
1506241822,22151911,0.07670000,1.82803377,1
1506241819,22151909,0.07657017,0.29329500,1
1506241690,22151865,0.07662000,0.14227908,1
1506241656,22151855,0.07654016,1.24815556,1
1506241656,22151854,0.07661000,0.31058444,1
1506241236,22151629,0.07672999,0.25600000,0
1506241236,22151628,0.07672000,0.46420000,0
1506241165,22151543,0.07666000,0.13096000,1
1506241165,22151542,0.07666000,0.33324000,1
1506241162,22151537,0.07666006,1.41100529,1
1506240989,22151448,0.07663316,0.17405918,1
1506240977,22151436,0.07663308,0.46460000,1
1506240976,22151434,0.07664040,6.50000000,0
1506240974,22151432,0.07664040,2.57000000,0
1506240973,22151431,0.07670012,2.57000000,1
1506240972,22151430,0.07671000,0.46460000,1
1506240964,22151403,0.07673647,1.56999500,0
1506240823,22151255,0.07673648,0.59000000,1
1506240823,22151254,0.07673648,0.78087459,1
1506240540,22151141,0.07686995,0.33462900,0
1506240444,22151073,0.07686999,1.28791482,0
1506240361,22151007,0.07689995,0.64563110,0
1506240257,22150968,0.07687285,0.51774443,0
1506240236,22150951,0.07687285,1.13446802,0
1506240231,22150949,0.07687285,0.39018400,0
1506240056,22150875,0.07681387,0.82484037,0
1506240056,22150874,0.07681386,0.59000000,0
1506240056,22150873,0.07666958,0.19000000,0
1506240048,22150866,0.07681386,0.00000010,1
1506240048,22150865,0.07681386,1.15018990,1
1506240045,22150858,0.07681386,0.90000000,1
1506240044,22150857,0.07681389,0.84373132,0
1506240044,22150856,0.07681386,3.08336943,0
1506240029,22150846,0.07677000,1.57000000,1
1506240029,22150845,0.07677000,0.21955453,1
1506240029,22150844,0.07677001,0.28044547,1
1506239996,22150827,0.07662281,2.24829200,1
1506239964,22150797,0.07662283,0.76559323,1
1506239963,22150796,0.07662283,1.99405057,0
1506239925,22150752,0.07646000,0.68270633,0
1506239922,22150741,0.07646000,0.35625874,0
1506239907,22150690,0.07645000,0.29095158,0
1506239727,22150541,0.07636678,2.57000000,0
1506239382,22150379,0.07623000,0.29100000,1
1506239348,22150375,0.07623722,2.00000000,1
1506239345,22150371,0.07657481,1.15440564,1
1506239345,22150370,0.07646363,4.40590115,1
1506239344,22150369,0.07625800,5.00000000,0
1506239344,22150367,0.07623876,0.20000000,0
1506239343,22150365,0.07623721,3.46969321,0
1506239343,22150364,0.07623718,2.57000000,0
1506239191,22150309,0.07613000,0.55000000,1
1506238892,22150214,0.07610000,6.94000000,1
1506238891,22150211,0.07610003,5.07742000,1
1506238887,22150210,0.07608001,2.06000000,0
1506238869,22150206,0.07608001,0.10000000,1
1506238863,22150204,0.07608000,1.45000000,1
1506238863,22150203,0.07608001,1.57000000,1
1506238863,22150202,0.07608001,1.00000000,1
1506238856,22150201,0.07608001,1.57000000,1
1506238708,22150126,0.07600000,2.04407000,1
1506238707,22150125,0.07600000,12.20988300,1
1506238706,22150124,0.07600000,6.25985000,1
1506238705,22150123,0.07600000,2.57000000,1
1506238704,22150122,0.07600000,2.57000000,1
1506238703,22150121,0.07599380,17.27900000,0
1506238703,22150120,0.07599377,13.22430110,0
1506238680,22150115,0.07596100,0.31973474,0
1506238526,22150025,0.07580000,0.82879500,1
1506238523,22150019,0.07580000,0.51548219,1
1506238508,22149997,0.07580000,3.92348000,1
1506238443,22149947,0.07580000,1.03375100,1
1506238320,22149922,0.07604588,0.51102400,0
1506238314,22149921,0.07587000,1.00000000,1
1506238279,22149919,0.07586317,2.57000000,1
1506238268,22149916,0.07600000,0.07436262,1
1506238096,22149865,0.07600000,0.17563738,1
1506237740,22149668,0.07618697,0.00013433,1
1506237740,22149667,0.07618697,1.84986567,1
1506237602,22149549,0.07603828,1.42346263,1
1506237585,22149543,0.07621200,1.00000000,1
1506237574,22149538,0.07621200,1.17016373,0
1506237574,22149537,0.07621199,0.22990027,0
1506237524,22149518,0.07605000,1.00000000,1
1506237504,22149512,0.07610000,1.00000000,1
1506237467,22149497,0.07603817,0.00931711,1
1506237467,22149496,0.07603818,0.09068289,1
1506237359,22149449,0.07622381,0.34827737,1
1506237193,22149408,0.07627900,74.51400000,1
1506237090,22149333,0.07628547,0.26926200,1
1506237087,22149330,0.07628546,0.26926200,1
1506237087,22149329,0.07628546,0.77449200,1
1506237059,22149302,0.07639300,1.62121004,0
1506237058,22149301,0.07638000,1.00000000,0
1506237049,22149295,0.07628407,4.76992619,1
1506237014,22149265,0.07628281,4.20406000,1
1506237013,22149263,0.07628281,7.86820200,1
1506237013,22149262,0.07628281,3.94512500,1
1506236924,22149223,0.07644974,0.20000000,0
1506236895,22149218,0.07646698,0.20000000,0
1506236872,22149207,0.07633000,1.00000000,1
1506236810,22149168,0.07649600,0.13627600,0
1506236798,22149165,0.07645700,1.00000000,0
1506236788,22149154,0.07645100,1.05378561,0
1506236788,22149153,0.07637757,0.23321339,0
1506236785,22149151,0.07637757,0.12753623,0
1506236785,22149150,0.07637757,0.07246377,0
1506236761,22149142,0.07644000,0.09000000,0
1506236755,22149134,0.07644000,0.20000000,1
1506236738,22149124,0.07640000,1.72060200,0
1506236737,22149120,0.07627904,4.17945710,1
1506236737,22149119,0.07627905,3.84617662,1
1506236737,22149118,0.07627905,0.74431852,1
1506236737,22149117,0.07636474,0.66732805,1
1506236737,22149116,0.07637800,5.00000000,1
1506236737,22149114,0.07640000,0.08000000,1
1506236737,22149111,0.07640000,1.64060200,1
1506236737,22149110,0.07645401,2.57000000,1
1506236717,22149028,0.07655404,0.71804339,1
1506236700,22149022,0.07659300,2.74581200,1
1506236699,22149021,0.07659304,1.43034765,0
1506236699,22149020,0.07659300,2.25418800,1
1506236699,22149019,0.07659307,5.75670616,1
1506236681,22149004,0.07665001,2.84860064,1
1506236680,22149003,0.07665000,5.00000000,1
1506236613,22148954,0.07676500,0.91076194,1
1506236613,22148953,0.07686000,0.08923806,1
1506236524,22148842,0.07687597,0.08914000,0
1506236521,22148834,0.07687600,0.59996416,0
1506236462,22148756,0.07682300,4.00000000,0
1506236462,22148755,0.07682299,0.47904866,0
1506236421,22148725,0.07682301,3.75049100,0
1506236421,22148723,0.07682301,0.59469865,0
1506236410,22148692,0.07682301,0.08274000,1
1506236391,22148674,0.07682300,0.24253100,0
1506236391,22148673,0.07682300,1.00697800,0
1506236389,22148672,0.07680922,1.00697836,0
1506236389,22148671,0.07680000,0.17456657,0
1506236380,22148670,0.07680904,1.01931000,0
1506236179,22148612,0.07679100,2.00000000,0
1506236041,22148542,0.07670800,5.00000000,1
1506236031,22148541,0.07672000,0.17456657,1
1506235928,22148403,0.07686616,1.00697836,1
1506235928,22148402,0.07689000,0.78343128,1
1506235860,22148297,0.07689000,0.12980500,1
1506235858,22148282,0.07689995,34.75878696,0
1506235857,22148271,0.07689996,5.13576339,1
1506235856,22148264,0.07689996,1.65744552,0
1506235852,22148241,0.07692000,0.03513651,1
1506235851,22148234,0.07690000,1.00442790,0
1506235850,22148222,0.07690000,0.12980000,1
1506235843,22148159,0.07688679,7.27290100,1
1506235843,22148156,0.07688679,10.19927000,1
1506235842,22148153,0.07688679,2.57000000,1
1506235841,22148140,0.07688679,7.83300000,1
1506235836,22148087,0.07688681,12.47082561,0
1506235833,22148066,0.07688681,1.99208865,0
1506235830,22148031,0.07688681,0.37323823,0
1506235827,22148017,0.07688679,1.16152000,0
1506235794,22147919,0.07684000,0.46349500,0
1506235469,22147722,0.07681988,2.57000000,0
1506235394,22147659,0.07668011,0.38048319,1
1506235394,22147658,0.07669000,0.46350000,1
1506235394,22147657,0.07669003,3.36529381,1
1506235358,22147636,0.07684977,1.80000000,0
1506235339,22147625,0.07667075,0.21677700,1
1506235337,22147622,0.07675630,1.07763000,0
1506235313,22147587,0.07674029,2.48927500,0
1506235313,22147586,0.07673000,0.46340000,0
1506235310,22147581,0.07675000,0.46340000,1
1506235299,22147570,0.07674045,1.01930768,1
1506235147,22147540,0.07689999,1.16217381,1
1506235146,22147539,0.07689999,0.33782619,0
1506235130,22147533,0.07672017,0.44214808,1
1506235130,22147532,0.07673000,0.29000000,1
1506235066,22147510,0.07678045,15.08595000,1
1506235062,22147497,0.07678042,0.46317000,0
1506235061,22147488,0.07678042,1.01930768,1
1506235033,22147471,0.07678011,0.22994200,1
1506234837,22147433,0.07680785,1.00200200,0
1506234621,22147383,0.07680795,2.00000000,0
1506234238,22147280,0.07662900,0.44643900,0
1506234238,22147279,0.07662899,0.15804500,0
1506234115,22147218,0.07640040,2.66278000,0
1506234112,22147211,0.07640000,0.46490000,1
1506234110,22147207,0.07640000,0.29100000,1
1506234106,22147203,0.07636474,0.33267195,1
1506234098,22147176,0.07640040,0.37666409,1
1506233985,22146937,0.07651900,4.99999952,1
1506233985,22146936,0.07654624,3.12291748,1
1506233898,22146903,0.07663342,2.22114700,1
1506233821,22146860,0.07663312,0.33592530,1
1506233554,22146707,0.07673200,2.29404942,1
1506233545,22146698,0.07677309,1.76788634,1
1506233545,22146696,0.07678000,0.46490000,1
1506233544,22146694,0.07678000,0.08274000,1
1506233544,22146693,0.07679000,0.00007670,1
1506233539,22146687,0.07679000,0.29092330,1
1506233530,22146680,0.07685016,0.52984618,1
1506233530,22146679,0.07685016,2.04000000,1
1506233529,22146677,0.07685016,0.00015498,1
1506233510,22146666,0.07685016,0.52895141,1
1506233503,22146656,0.07685016,2.04089361,1
1506233501,22146654,0.07685019,0.52894717,1
1506233408,22146548,0.07681003,0.35146234,1
1506233361,22146513,0.07685000,0.29100000,0
1506233303,22146458,0.07679699,0.29099974,0
1506233303,22146457,0.07679699,1.57504226,0
1506233288,22146438,0.07684950,1.50365000,0
1506233288,22146437,0.07678900,5.00000000,0
1506233057,22146317,0.07672000,4.99995391,0
1506233051,22146310,0.07671000,2.61000000,0
1506233049,22146304,0.07671000,2.39000000,0
1506232918,22146215,0.07664400,4.48981155,1
1506232918,22146214,0.07667000,0.29100000,1
1506232918,22146213,0.07667001,0.31180999,1
1506232918,22146212,0.07667001,0.29099500,1
1506232918,22146211,0.07672000,2.52706346,1
1506232918,22146210,0.07672001,2.29232000,1
1506232851,22146121,0.07672938,5.70690370,0
1506232851,22146119,0.07672938,1.63513189,0
1506232849,22146112,0.07672938,5.76333702,0
1506232848,22146103,0.07672938,26.13293630,0
1506232846,22146089,0.07672937,8.02777240,0
1506232841,22146062,0.07672940,0.50000000,0
1506232841,22146059,0.07672940,6.93738922,0
1506232841,22146058,0.07672939,2.57000000,0
1506232811,22146030,0.07670000,0.52922701,0
1506232811,22146028,0.07670000,0.31181500,0
1506232810,22146026,0.07669000,0.17500000,0
1506232799,22146016,0.07668000,0.29100000,1
1506232788,22146010,0.07670000,0.15895799,0
1506232788,22146009,0.07669000,0.00003361,0
1506232787,22146006,0.07669000,0.29096639,0
1506232754,22145994,0.07676197,0.33600000,0
1506232729,22145976,0.07661812,1.42792000,1
1506232729,22145975,0.07667900,0.12000000,1
1506232712,22145962,0.07668000,0.46600000,1
1506232711,22145961,0.07669900,0.38501826,1
1506232681,22145937,0.07685493,1.50000000,0
1506232660,22145921,0.07669900,4.61498174,1
1506232659,22145920,0.07678300,2.26131826,1
1506232659,22145918,0.07678300,0.46530000,1
1506232656,22145912,0.07678300,2.27338174,0
1506232655,22145910,0.07679000,0.29100000,1
1506232655,22145909,0.07679003,1.57504226,1
1506232253,22145765,0.07693199,13.78628659,1
1506232253,22145764,0.07693200,3.37926048,1
1506232253,22145763,0.07694000,0.17804000,1
1506232252,22145761,0.07694003,0.25263570,1
1506232251,22145760,0.07693203,0.28726000,0
1506232242,22145751,0.07693200,0.40000000,1
1506232234,22145743,0.07693200,0.41224700,1
1506232233,22145742,0.07693203,0.11145678,1
1506232209,22145736,0.07703197,1.00000000,0
1506232179,22145728,0.07693199,0.08274000,1
1506232166,22145725,0.07693200,1.52204595,0
1506232164,22145724,0.07693199,0.27099500,0
1506232140,22145720,0.07678622,0.13100000,1
1506232086,22145707,0.07678555,0.13023286,1
1506231976,22145634,0.07697293,1.66223307,0
1506231972,22145629,0.07681116,0.35218708,0
1506231970,22145622,0.07681500,3.33195162,1
1506231969,22145615,0.07681500,1.66804838,1
1506231965,22145595,0.07681501,4.37025596,1
1506231964,22145592,0.07681501,0.33659047,1
1506231964,22145590,0.07688000,0.00006853,1
1506231961,22145576,0.07688000,0.96438606,1
1506231915,22145557,0.07688000,1.76161200,1
1506231842,22145513,0.07673099,1.49384700,1
1506231793,22145498,0.07671642,0.17539260,1
1506231785,22145493,0.07671620,0.46660000,1
1506231778,22145484,0.07671620,0.34260000,1
1506231006,22145230,0.07691514,3.00000000,1
1506230826,22145142,0.07702200,2.61147100,1
1506230814,22145099,0.07682006,8.53340000,0
1506230814,22145097,0.07704300,5.00000000,1
1506230812,22145093,0.07705000,0.46660000,1
1506230802,22145089,0.07707700,1.96800000,1
1506230795,22145085,0.07709000,0.87697325,1
1506230776,22145077,0.07722000,0.26107737,1
1506230761,22145058,0.07709900,1.51619400,1
1506230760,22145056,0.07722893,1.51619395,0
1506230742,22145041,0.07722900,0.27493000,0
1506230733,22145032,0.07720000,7.74574790,1
1506230733,22145031,0.07720000,1.93100110,0
1506230732,22145030,0.07719000,0.46580000,0
1506230715,22145023,0.07718700,0.06612600,0
1506230704,22145019,0.07712790,0.22999500,0
1506230682,22145010,0.07712800,4.65830000,0
1506230681,22145009,0.07712789,0.34170000,0
1506230468,22144984,0.07699999,2.57000000,0
1506230468,22144983,0.07698000,0.29000000,0
1506230233,22144928,0.07685932,1.86501100,1
1506230230,22144926,0.07685929,0.12499500,1
1506230230,22144923,0.07685929,6.27944100,1
1506230230,22144921,0.07685929,1.92268100,1
1506230086,22144876,0.07699999,0.12410000,0
1506230081,22144872,0.07685715,1.29704800,1
1506230081,22144871,0.07685715,1.92268579,1
1506230078,22144870,0.07685714,3.61010300,1
1506230077,22144867,0.07685714,1.68741700,1
1506230072,22144858,0.07685713,2.81257800,1
1506230070,22144854,0.07685713,1.68741700,1
1506230069,22144853,0.07685713,0.50000000,1
1506230068,22144850,0.07685712,0.53016800,1
1506230056,22144824,0.07685700,1.68645862,1
1506230053,22144814,0.07688007,8.35999000,1
1506230050,22144809,0.07688006,5.89839500,1
1506230050,22144808,0.07689000,0.46580000,1
1506230005,22144772,0.07694897,3.00000000,0
1506229835,22144740,0.07694897,1.25609100,0
1506229822,22144735,0.07692200,5.00000000,0
1506229774,22144721,0.07685200,0.07004200,0
1506229761,22144720,0.07684600,4.15276700,0
1506229661,22144688,0.07674600,5.00000000,0
1506229655,22144687,0.07674300,2.93018900,0
1506229654,22144686,0.07674300,2.06981100,0
1506229621,22144683,0.07674097,2.50000000,0
1506229576,22144669,0.07672591,1.66139421,0
1506229553,22144651,0.07673800,5.00000000,1
1506229534,22144628,0.07678400,5.00000000,1
1506229534,22144627,0.07679000,0.29000000,1
1506229514,22144605,0.07684900,4.99999979,1
1506229514,22144604,0.07689000,0.08274000,1
1506229514,22144603,0.07689001,0.00000021,1
1506229507,22144582,0.07689001,1.41528810,1
1506229507,22144581,0.07698000,0.18712290,1
1506229483,22144565,0.07699884,1.92337837,0
1506229396,22144437,0.07700300,1.88330500,0
1506229390,22144434,0.07700300,3.11669500,0
1506229386,22144428,0.07698884,0.45001653,1
1506229384,22144425,0.07698871,3.37051000,0
1506229367,22144417,0.07696087,8.99000000,0
1506229367,22144416,0.07696087,3.33401896,0
1506229357,22144398,0.07696094,2.58050300,0
1506229272,22144375,0.07688000,2.67514800,0
1506229173,22144326,0.07672500,5.00000000,0
1506229086,22144291,0.07656970,5.00000000,1
1506229086,22144290,0.07656970,0.29099960,1
1506229086,22144288,0.07656970,4.23337972,0
1506229086,22144287,0.07647000,0.62000000,0
1506229085,22144285,0.07647000,1.95020800,0
1506229083,22144281,0.07647000,0.61979200,0
1506229061,22144256,0.07649000,0.00000040,1
1506229009,22144200,0.07649000,1.46616000,1
1506229000,22144190,0.07629036,45.19871456,1
1506229000,22144189,0.07647900,5.00000000,0
1506228999,22144188,0.07649903,13.73528544,0
1506228998,22144187,0.07649904,6.06600000,1
1506228967,22144134,0.07658494,13.73528544,0
1506228965,22144130,0.07658500,5.00000000,1
1506228771,22143894,0.07673402,1.39560749,1
1506228756,22143873,0.07695000,5.00000000,1
1506228755,22143871,0.07699000,0.29100000,1
1506228750,22143859,0.07698300,1.71486300,1
1506228744,22143855,0.07700032,13.04476800,1
1506228741,22143849,0.07700032,23.98518800,1
1506228741,22143846,0.07702800,3.57704700,1
1506228738,22143839,0.07702800,1.42295300,1
1506228730,22143808,0.07700031,3.15562800,1
1506228728,22143798,0.07700031,26.83894200,1
1506228728,22143796,0.07700031,0.78503200,1
1506228723,22143757,0.07724000,2.18483091,1
1506228722,22143753,0.07724000,2.52516909,1
1506228722,22143749,0.07724000,0.29000000,1
1506228719,22143724,0.07722500,5.00000000,1
1506228718,22143722,0.07722503,13.73532510,1
1506228566,22143633,0.07732000,5.00000000,0
1506228566,22143632,0.07731997,12.98098856,0
1506228550,22143608,0.07698029,0.86188667,1
1506228550,22143607,0.07698042,2.25518333,1
1506228549,22143606,0.07699000,0.29000000,1
1506228544,22143599,0.07698027,2.13779685,1
1506228455,22143551,0.07688014,0.20774000,1
1506228435,22143526,0.07685000,5.00000000,0
1506228425,22143499,0.07670100,4.60553291,0
1506228418,22143488,0.07663900,2.43000000,0
1506228416,22143486,0.07663900,2.57000000,0
1506228406,22143483,0.07666700,3.78762400,0
1506228405,22143482,0.07666700,1.21237600,0
1506228400,22143473,0.07639084,0.17698467,1
1506228386,22143455,0.07672692,2.50068100,0
1506228386,22143454,0.07656500,4.93068100,0
1506228386,22143453,0.07639028,1.94376997,1
1506228384,22143450,0.07656499,0.97372172,0
1506228381,22143445,0.07656500,0.06931900,0
1506228375,22143427,0.07637728,12.48897143,1
1506228373,22143406,0.07637727,13.45865000,1
1506228370,22143391,0.07654395,2.65332600,0
1506228370,22143388,0.07637713,1.78292145,1
1506228334,22143317,0.07656100,5.00000000,1
1506228256,22143227,0.07669500,1.43677800,1
1506228226,22143173,0.07675700,2.43922000,1
1506228188,22143120,0.07689100,5.00000000,1
1506228165,22143095,0.07693904,2.43727437,1
1506228164,22143091,0.07693907,2.57000000,1
1506228067,22142874,0.07700215,0.54433546,1
1506228053,22142836,0.07712997,2.56997483,1
1506228029,22142793,0.07712997,1.40999500,0
1506228024,22142785,0.07712996,0.86867200,0
1506228024,22142784,0.07712996,0.28892200,0
1506228024,22142782,0.07712996,1.41239024,0
1506228024,22142781,0.07712000,0.28892752,0
1506228024,22142780,0.07711999,0.86867724,0
1506227937,22142734,0.07711993,0.86867200,0
1506227878,22142719,0.07700000,0.80116278,1
1506227850,22142717,0.07699099,2.57000000,0
1506227848,22142711,0.07704905,2.57000000,1
1506227797,22142696,0.07721997,3.00000000,0
1506227497,22142572,0.07723910,9.76328343,1
1506227493,22142571,0.07746998,1.09178315,1
1506227493,22142570,0.07746000,0.12821640,0
1506227456,22142532,0.07723197,28.09127000,1
1506227451,22142528,0.07723197,7.34152599,1
1506227451,22142527,0.07736800,5.00000000,1
1506227445,22142501,0.07740500,4.99993541,1
1506227437,22142492,0.07743400,0.17556047,1
1506227437,22142491,0.07743403,3.29307953,1
1506227426,22142481,0.07748700,3.00000000,1
1506227413,22142475,0.07748600,2.00000000,1
1506227412,22142474,0.07748600,0.50000000,1
1506227392,22142468,0.07769997,3.29293255,0
1506227328,22142451,0.07755100,0.12500000,1
1506227287,22142427,0.07759417,3.60000000,1
1506227286,22142426,0.07759417,6.74190633,1
1506227286,22142425,0.07759418,3.25809367,1
1506227180,22142358,0.07767004,0.58967396,1
1506227165,22142345,0.07767002,2.95888942,1
1506227152,22142340,0.07767000,0.28892752,0
1506227121,22142314,0.07766006,11.75809506,1
1506227118,22142309,0.07766008,2.06846298,1
1506227040,22142252,0.07766918,1.03049004,1
1506226930,22142167,0.07765934,4.09255383,1
1506226929,22142166,0.07765941,0.11153831,1
1506226920,22142161,0.07788557,3.09910000,0
1506226816,22142091,0.07742521,7.35589805,0
1506226816,22142090,0.07742521,8.52590195,0
1506226815,22142089,0.07744000,3.00000000,1
1506226815,22142088,0.07780500,5.00000000,1
1506226813,22142087,0.07793000,0.11820000,1
1506226582,22142009,0.07776000,0.12200860,0
1506226576,22142002,0.07776392,0.13198860,0
1506226207,22141933,0.07770200,1.00000000,1
1506226191,22141928,0.07772400,0.27843482,1
1506226191,22141927,0.07772403,4.72156518,1
1506226171,22141917,0.07779000,0.13202500,1
1506226017,22141766,0.07785220,2.57000000,1
1506226012,22141762,0.07785220,2.57000000,1
1506225758,22141708,0.07786263,0.46090000,1
1506225757,22141707,0.07786263,1.07585629,0
1506225662,22141687,0.07799811,0.32019800,0
1506225436,22141648,0.07786009,0.25279900,1
1506225306,22141638,0.07785863,0.90000000,1
1506225269,22141630,0.07785838,0.90000000,1
1506225189,22141584,0.07785733,3.60000000,1
1506225150,22141545,0.07786600,1.11153200,1
1506225149,22141543,0.07786600,3.88837017,1
1506225102,22141488,0.07796944,1.57318392,1
1506225101,22141487,0.07793740,0.22995571,1
1506225100,22141483,0.07793740,0.50000000,0
1506225086,22141476,0.07784115,3.60000000,1
1506225049,22141449,0.07785000,0.46090000,1
1506225030,22141416,0.07784109,0.86104307,1
1506225025,22141401,0.07784108,0.43593325,1
1506224612,22141165,0.07781649,5.00000000,1
1506224553,22141156,0.07781603,3.69888792,1
1506224546,22141154,0.07792000,4.20559500,0
1506224546,22141153,0.07791999,3.74531654,0
1506224439,22141083,0.07779600,3.75219446,1
1506224237,22140995,0.07783000,0.26492958,1
1506224237,22140994,0.07783000,0.22994736,1
1506224236,22140993,0.07783000,5.00000000,0
1506224235,22140992,0.07782990,5.26493000,0
1506224223,22140977,0.07769200,1.13245700,1
1506224195,22140963,0.07773003,10.00000000,1
1506224124,22140891,0.07784100,4.81611600,0
1506224121,22140883,0.07784099,0.67076200,0
1506224121,22140882,0.07776300,0.20099000,0
1506224120,22140881,0.07776299,0.09389700,0
1506224116,22140877,0.07776300,0.20098774,1
1506224112,22140872,0.07776300,4.71849080,0
1506224111,22140866,0.07776300,0.28150920,0
1506224099,22140811,0.07771900,4.99996591,0
1506224090,22140785,0.07770300,5.00000000,0
1506224085,22140777,0.07760300,0.97255260,0
1506224083,22140776,0.07760300,2.20674100,0
1506224080,22140774,0.07760000,2.65000000,0
1506224080,22140773,0.07760000,0.48230000,0
1506224079,22140769,0.07759999,0.14325900,0
1506224073,22140762,0.07754095,2.65000000,0
1506224072,22140758,0.07754096,1.60571300,0
1506224048,22140734,0.07759995,15.01050000,0
1506224047,22140733,0.07744500,5.00000000,0
1506224046,22140732,0.07740966,15.00000000,0
1506223983,22140721,0.07738000,2.65000000,0
1506223983,22140720,0.07738000,0.29000000,0
1506223540,22140648,0.07735400,3.10767490,0
1506223540,22140647,0.07735397,13.73532510,0
1506223502,22140644,0.07731797,3.00000000,1
1506223400,22140616,0.07722303,12.00000000,1
1506223400,22140615,0.07722306,3.00000000,1
1506223155,22140584,0.07730300,5.00000000,0
1506223122,22140583,0.07725100,5.00000000,0
1506223116,22140582,0.07724300,5.00000000,0
1506222665,22140506,0.07728997,3.00000000,0
1506222520,22140485,0.07688654,58.36316311,1
1506222520,22140484,0.07716800,1.87264605,0
1506222518,22140481,0.07716800,5.00000000,1
1506222486,22140455,0.07727801,2.26705100,1
1506222475,22140443,0.07712528,22.35000000,1
1506222474,22140442,0.07721000,2.65000000,1
1506222473,22140440,0.07712527,2.26704984,0
1506222473,22140439,0.07712527,12.31632010,0
1506222473,22140438,0.07712527,3.62161900,0
1506222472,22140437,0.07721000,2.65000000,1
1506222472,22140436,0.07721000,0.29000000,1
1506222470,22140433,0.07731200,3.85501106,1
1506222470,22140432,0.07731200,1.14498894,1
1506222466,22140420,0.07712525,17.16203729,0
1506222465,22140419,0.07728800,5.00000000,1
1506222465,22140418,0.07730001,1.41900529,0
1506222463,22140415,0.07731001,1.41895742,1
1506222457,22140412,0.07731004,1.41900500,1
1506222450,22140408,0.07731001,1.09509592,1
1506222445,22140406,0.07731001,0.76892971,1
1506222435,22140394,0.07740899,3.09529027,0
1506222435,22140393,0.07740855,2.18794000,0
1506222435,22140392,0.07740852,6.52249801,0
1506222396,22140350,0.07740900,5.00000000,1
1506222394,22140348,0.07740903,5.00051679,1
1506222376,22140334,0.07743300,4.37864400,1
1506222373,22140327,0.07743300,0.31067800,1
1506222366,22140323,0.07743801,0.57960067,1
1506222327,22140312,0.07751600,2.35000000,1
1506222326,22140311,0.07751600,2.65000000,1
1506222262,22140295,0.07760000,3.00000000,1
1506222183,22140283,0.07768994,7.54817300,0
1506221858,22140242,0.07768995,9.12072800,0
1506221858,22140241,0.07768964,25.00000000,0
1506221857,22140240,0.07768956,2.09529000,0
1506221853,22140239,0.07768956,13.87415500,0
1506221852,22140237,0.07768955,19.08426513,0
1506221852,22140236,0.07768000,6.85503000,0
1506221845,22140235,0.07768000,0.84247100,0
1506221844,22140234,0.07768000,1.15004000,0
1506221843,22140233,0.07768000,0.76223600,0
1506221797,22140172,0.07768000,1.41015700,0
1506221784,22140170,0.07768000,10.38006600,0
1506221744,22140164,0.07768000,3.60000000,1
1506221624,22140138,0.07768952,1.76806800,0
1506221620,22140137,0.07768955,0.37374113,0
1506221562,22140106,0.07768955,5.54199374,0
1506221523,22140065,0.07768956,2.03055500,0
1506221521,22140063,0.07768956,7.00000000,0
1506221413,22140056,0.07754900,4.00000000,1
1506221400,22140049,0.07768953,0.48604700,0
1506221334,22140036,0.07768945,3.26806078,0
1506221036,22139963,0.07755100,5.00000000,0
1506221028,22139962,0.07752600,0.54643100,0
1506221020,22139959,0.07750900,4.17713800,0
1506220981,22139936,0.07745697,3.00000000,0
1506220962,22139933,0.07742191,3.00000000,0
1506220955,22139923,0.07740100,1.20000000,0
1506220948,22139917,0.07740100,3.35787308,0
1506220947,22139916,0.07730100,2.37736700,0
1506220945,22139913,0.07730901,0.00000477,1
1506220941,22139908,0.07730901,0.13626523,0
1506220938,22139904,0.07730900,0.13636300,0
1506220937,22139901,0.07730900,2.51363700,0
1506220934,22139896,0.07730900,4.99977865,1
1506220934,22139894,0.07730901,0.00015164,1
1506220933,22139890,0.07730901,2.64984836,1
1506220933,22139889,0.07733000,0.00007563,1
1506220859,22139837,0.07733000,0.81807837,1
1506220846,22139823,0.07733059,1.00000000,1
1506220833,22139821,0.07733800,0.75049800,1
1506220830,22139820,0.07733803,0.85749400,1
1506220819,22139817,0.07741106,0.51337908,1
1506220776,22139785,0.07747603,5.00000000,1
1506220760,22139772,0.07753200,4.92527456,1
1506220752,22139770,0.07753200,0.07472544,1
1506220750,22139769,0.07754600,0.80667500,1
1506220749,22139768,0.07754600,0.99500600,1
1506220747,22139767,0.07754603,6.18666300,1
1506220733,22139753,0.07773300,5.00000000,1
1506220728,22139751,0.07774215,2.64999500,0
1506220683,22139737,0.07779600,2.65000000,1
1506220680,22139735,0.07779600,0.83710500,1
1506220652,22139711,0.07792000,5.79440500,0
1506220515,22139648,0.07791987,1.70147800,0
1506220508,22139646,0.07791987,1.88848800,0
1506220408,22139567,0.07778101,6.97123707,1
1506220406,22139564,0.07778100,4.99987478,1
1506220383,22139540,0.07785953,1.35736900,0
1506220374,22139528,0.07785931,2.65000000,0
1506220321,22139475,0.07785936,0.48393300,0
1506220246,22139372,0.07785956,0.74295462,1
1506220246,22139371,0.07785956,0.64516200,1
1506220245,22139366,0.07785953,3.60000000,1
1506220244,22139364,0.07785956,14.97031967,0
1506220244,22139362,0.07785953,4.63484110,0
1506220242,22139355,0.07785956,4.63478736,0
1506220227,22139332,0.07767029,0.57789710,1
1506220205,22139310,0.07763535,0.10000000,1
1506220198,22139293,0.07761241,0.10000000,1
1506220195,22139282,0.07761227,0.10000000,1
1506220190,22139256,0.07778296,0.00004439,0
1506220189,22139252,0.07778296,2.64995561,0
1506220188,22139247,0.07761200,0.10000000,1
1506220185,22139235,0.07759035,0.10000000,1
1506220182,22139222,0.07759016,5.00000000,1
1506220171,22139197,0.07768200,2.64486200,0
1506220171,22139196,0.07768000,0.46070000,0
1506220170,22139195,0.07768200,0.90215200,0
1506220169,22139194,0.07768200,0.49614300,0
1506220165,22139179,0.07766800,5.00000000,0
1506220164,22139178,0.07766797,1.47542560,1
1506220162,22139177,0.07766797,1.51258600,0
1506220147,22139174,0.07748006,3.06930000,1
1506220147,22139173,0.07749000,0.46070000,1
1506220141,22139172,0.07748004,0.10000000,1
1506220138,22139169,0.07748000,0.10000000,1
1506220124,22139167,0.07747003,0.35610200,1
1506220118,22139156,0.07760000,2.11559100,0
1506220085,22139145,0.07760000,1.88440900,0
1506220083,22139139,0.07759997,8.24400000,0
1506220080,22139137,0.07740054,1.63469033,1
1506220080,22139136,0.07740054,0.65920800,1
1506220080,22139135,0.07740054,0.15780400,1
1506220077,22139127,0.07755600,2.64073700,0
1506220068,22139107,0.07750050,0.00000050,0
1506220052,22139094,0.07740026,0.91169700,1
1506220052,22139093,0.07740036,2.65000000,1
1506220051,22139092,0.07740039,1.43830300,1
1506219966,22139020,0.07750050,2.99999950,0
1506219966,22139018,0.07750000,2.00000000,0
1506219966,22139016,0.07750000,0.99637450,0
1506219957,22139012,0.07749000,1.43830255,0
1506219888,22138963,0.07748994,1.43830300,0
1506219888,22138962,0.07741000,0.50000000,0
1506219877,22138946,0.07740000,0.33000000,0
1506219868,22138940,0.07734440,1.25640356,0
1506219862,22138934,0.07733000,0.08184600,1
1506219862,22138933,0.07733177,0.39102000,1
1506219655,22138766,0.07714000,0.15781000,1
1506219635,22138748,0.07719500,3.57971396,1
1506219634,22138746,0.07719500,1.42028604,1
1506219630,22138741,0.07717311,1.17877904,1
1506219629,22138739,0.07717311,1.47122096,1
1506219628,22138738,0.07721300,0.16346904,1
1506219627,22138736,0.07721300,1.47122129,1
1506219622,22138727,0.07721300,3.36530967,1
1506219622,22138726,0.07721301,0.23469033,1
1506219619,22138722,0.07720201,0.03784287,1
1506219619,22138721,0.07720201,17.67266713,1
1506219615,22138712,0.07720201,0.08274000,1
1506219615,22138709,0.07720210,7.06942680,0
1506219614,22138703,0.07720200,0.45281400,1
1506219566,22138683,0.07728301,2.64387614,1
1506219564,22138679,0.07720000,1.00000000,0
1506219313,22138625,0.07701294,1.24655300,0
1506219204,22138581,0.07680302,4.16660728,0
1506219204,22138580,0.07680304,2.65000000,1
1506219012,22138527,0.07680900,4.66000000,0
1506218960,22138510,0.07669200,5.00000000,1
1506218941,22138504,0.07680891,0.81240100,0
1506218844,22138475,0.07665102,0.23000000,0
1506218832,22138467,0.07664904,0.23584292,1
1506218831,22138466,0.07664912,3.63264108,1
1506218830,22138465,0.07664912,4.98948100,1
1506218830,22138464,0.07665100,5.00000000,1
1506218790,22138447,0.07664707,2.47151500,1
1506218773,22138434,0.07664705,3.74584402,1
1506218762,22138417,0.07665058,8.65951873,0
1506218762,22138416,0.07665055,6.07603227,0
1506218758,22138415,0.07664700,0.34460181,1
1506218754,22138412,0.07664700,0.46650000,1
1506218753,22138411,0.07664700,0.44847700,1
1506218751,22138407,0.07665060,0.44816300,1
1506218749,22138406,0.07665060,0.38110000,1
1506218745,22138403,0.07665066,3.74921300,0
1506218744,22138399,0.07680900,2.53335800,1
1506218744,22138398,0.07680900,2.46664200,1
1506218739,22138388,0.07680800,0.08279420,1
1506218738,22138384,0.07680800,2.18350000,1
1506218738,22138383,0.07681000,0.46650000,1
1506218706,22138359,0.07684461,0.46660000,1
1506218663,22138350,0.07684411,0.09713527,0
1506218661,22138348,0.07690000,0.08000000,1
1506218641,22138341,0.07690027,0.97709000,1
1506218586,22138323,0.07702000,0.46660000,1
1506218565,22138311,0.07700000,0.46690000,1
1506218527,22138299,0.07700000,0.40632100,1
1506218516,22138292,0.07700000,0.18267451,1
1506218516,22138291,0.07700001,0.97070871,1
1506218516,22138290,0.07705000,0.46689978,1
1506218515,22138289,0.07704100,0.00000022,0
1506218445,22138257,0.07700001,0.20547245,1
1506218238,22138185,0.07700000,0.06802883,1
1506218038,22138069,0.07704100,6.55888600,0
1506218035,22138067,0.07704100,0.19724784,0
1506218034,22138066,0.07690059,1.15909700,1
1506218001,22138055,0.07704100,0.37757817,0
1506217997,22138054,0.07704100,5.95013800,0
1506217991,22138053,0.07704100,6.28371200,0
1506217991,22138052,0.07700000,0.85000000,0
1506217990,22138050,0.07700000,15.01812296,0
1506217990,22138049,0.07700000,2.00000000,0
1506217990,22138048,0.07700000,0.45449200,0
1506217987,22138045,0.07700000,0.54550800,0
1506217985,22138043,0.07700000,1.00000000,0
1506217985,22138042,0.07699880,0.50000000,0
1506217985,22138041,0.07695000,0.00000042,0
1506217964,22138038,0.07695000,5.30405100,0
1506217963,22138037,0.07695000,2.22542600,0
1506217941,22138022,0.07695000,7.08877565,0
1506217941,22138021,0.07690000,0.00000035,0
1506217935,22138017,0.07673013,2.06864600,1
1506217934,22138013,0.07690000,3.79397100,0
1506217934,22138012,0.07690000,0.50000000,0
1506217934,22138011,0.07690000,0.34000000,0
1506217926,22138000,0.07680000,0.82000000,0
1506217926,22137999,0.07679999,0.00022402,0
1506217925,22137998,0.07679998,0.82926861,0
1506217901,22137945,0.07679998,12.96932400,0
1506217873,22137910,0.07679998,0.28507000,0
1506217865,22137897,0.07679998,0.21423839,0
1506217864,22137888,0.07679998,0.70209900,0
1506217821,22137827,0.07679998,8.38873400,0
1506217808,22137820,0.07679998,0.85843100,0
1506217799,22137812,0.07679998,15.19130000,0
1506217778,22137797,0.07679998,0.56153500,0
1506217745,22137776,0.07679999,0.07206898,0
1506217741,22137774,0.07679999,24.92770700,0
1506217570,22137696,0.07661084,0.20547055,1
1506217570,22137695,0.07679999,0.00000245,1
1506217569,22137688,0.07679999,0.20547000,1
1506217519,22137631,0.07679998,2.79182191,0
1506217519,22137630,0.07674702,0.20817809,0
1506217399,22137517,0.07667992,2.65000000,0
1506217355,22137470,0.07645003,0.60398700,1
1506217323,22137421,0.07667997,0.23247922,1
1506217323,22137420,0.07660000,5.53169875,0
1506217321,22137414,0.07650000,0.76752078,0
1506217278,22137378,0.07650000,0.13247922,0
1506217249,22137333,0.07650000,2.00000000,0
1506217248,22137332,0.07650000,2.00000000,0
1506217248,22137331,0.07640000,0.00000100,0
1506217219,22137295,0.07640000,72.18540200,0
1506217218,22137293,0.07640000,55.29737800,0
1506217208,22137280,0.07640000,6.14948700,0
1506217205,22137279,0.07640000,0.33351000,0
1506217198,22137273,0.07630014,13.33394700,1
1506217193,22137258,0.07640000,15.00422200,0
1506217169,22137203,0.07630004,1.76801400,1
1506217169,22137202,0.07630004,1.05594300,1
1506217168,22137200,0.07630004,0.11290037,1
1506217167,22137199,0.07630004,13.65523000,1
1506217167,22137197,0.07630004,2.43776289,1
1506217159,22137171,0.07630001,0.33898000,1
1506217156,22137152,0.07630001,0.50000000,1
1506217154,22137149,0.07630001,0.50000000,1
1506217152,22137145,0.07630001,1.25000000,1
1506217151,22137141,0.07630001,0.50000000,1
1506217149,22137132,0.07630001,0.34827700,1
1506217146,22137115,0.07630000,1.76801400,1
1506217144,22137093,0.07630000,0.23198600,0
1506217143,22137086,0.07630000,2.76801400,0
1506217143,22137084,0.07626100,0.23198600,0
1506217142,22137077,0.07626100,4.76801400,0
1506217142,22137074,0.07622000,1.96083000,0
1506217141,22137066,0.07621988,3.00000000,0
1506217135,22137054,0.07608027,0.66974900,1
1506217124,22137012,0.07621986,0.34827814,0
1506217104,22136974,0.07622952,0.47000000,1
1506217103,22136972,0.07622000,0.47130000,0
1506217084,22136928,0.07606268,0.16024000,1
1506217075,22136920,0.07606259,0.16023000,1
1506217072,22136919,0.07606255,0.16159000,1
1506217063,22136910,0.07606243,0.16176000,1
1506216860,22136779,0.07621997,7.28325100,0
1506216836,22136776,0.07620997,0.32799011,0
1506216832,22136774,0.07605000,0.47130000,0
1506216831,22136773,0.07604304,3.52254200,1
1506216829,22136769,0.07604304,11.74771500,1
1506216829,22136768,0.07605000,0.47130000,1
1506216826,22136767,0.07604304,1.51631010,1
1506216825,22136764,0.07604303,12.21901500,1
1506216821,22136755,0.07604300,4.99990282,1
1506216816,22136745,0.07625291,0.16436488,0
1506216815,22136744,0.07619700,5.00000000,0
1506216815,22136743,0.07616249,0.09743357,0
1506216493,22136646,0.07614112,2.52010700,0
1506216493,22136645,0.07608093,1.41123543,0
1506216491,22136644,0.07600000,0.00000001,0
1506216476,22136641,0.07600000,3.99187500,0
1506216467,22136636,0.07600000,3.00000000,0
1506216457,22136635,0.07600000,3.00000000,0
1506216442,22136633,0.07600000,1.85010000,0
1506216441,22136629,0.07600000,3.00000000,0
1506216439,22136626,0.07600000,0.90615900,0
1506216423,22136611,0.07600000,0.91542665,0
1506216423,22136610,0.07599996,2.09457335,0
1506216412,22136597,0.07599992,12.01459400,0
1506216377,22136589,0.07599600,3.61540045,0
1506216377,22136588,0.07589667,0.09944955,0
1506216354,22136582,0.07589667,13.65312300,0
1506216352,22136580,0.07589666,0.77128292,0
1506216351,22136579,0.07589666,0.09945000,0
1506216306,22136575,0.07589667,1.97000000,0
1506216277,22136574,0.07589667,3.00000000,0
1506216267,22136573,0.07589667,6.27742745,0
1506216266,22136572,0.07587825,6.80989455,0
1506216264,22136566,0.07587825,18.19010545,0
1506216264,22136565,0.07587824,5.28089455,0
1506216260,22136564,0.07587824,1.85210000,0
1506216253,22136563,0.07587824,1.85210000,0
1506216252,22136562,0.07587824,1.85210000,0
1506216248,22136561,0.07587824,3.00000100,0
1506216233,22136556,0.07587824,0.76007447,0
1506216203,22136545,0.07587824,3.00000000,0
1506216195,22136543,0.07587824,3.00000000,0
1506216186,22136530,0.07587824,3.00000000,0
1506216182,22136529,0.07587824,1.40272998,0
1506216182,22136528,0.07587822,21.65491502,0
1506216180,22136527,0.07587822,0.12350000,0
1506216179,22136526,0.07587822,1.85270000,0
1506216179,22136525,0.07587822,1.36888498,0
1506216178,22136524,0.07587821,0.60731502,0
1506216177,22136523,0.07587821,1.85270000,0
1506216169,22136522,0.07587790,0.12350000,0
1506216166,22136521,0.07587790,1.97720000,0
1506214483,22136011,0.07578000,0.24993402,1
1506214431,22136003,0.07575824,5.95803256,1
1506214340,22135980,0.07581000,0.24990500,1
1506214125,22135946,0.07586170,0.37179281,0
1506214125,22135945,0.07584000,0.47322419,0
1506213584,22135786,0.07574000,0.47322419,1
1506213579,22135783,0.07572800,0.44000000,1
1506213535,22135773,0.07588186,0.23000000,0
1506213384,22135677,0.07572602,1.62093316,1
1506213363,22135675,0.07572402,0.20000000,1
1506213359,22135674,0.07572004,0.19241000,1
1506213316,22135624,0.07577058,2.12842159,0
1506213302,22135614,0.07577058,2.37157841,0
1506213302,22135612,0.07577057,2.12842159,0
1506213291,22135602,0.07577058,6.19863000,0
1506213289,22135601,0.07577058,3.00000000,0
1506213287,22135600,0.07577058,1.00000000,0
1506213286,22135599,0.07577058,0.50000000,0
1506213277,22135593,0.07577058,4.94637000,0
1506213272,22135587,0.07577058,3.01000000,0
1506213267,22135585,0.07577058,1.84500000,0
1506213098,22135542,0.07577060,0.00057800,1
1506213097,22135541,0.07568500,0.82511000,0
1506213088,22135540,0.07568500,6.74500000,0
1506213049,22135534,0.07568500,0.35584854,0
1506212999,22135511,0.07568500,0.66021100,0
1506212996,22135510,0.07568500,0.75298746,0
1506212991,22135509,0.07568500,2.00000000,0
1506212989,22135508,0.07568500,0.15916800,0
1506212974,22135502,0.07568500,2.52670000,0
1506212973,22135501,0.07568000,0.47330000,0
1506212969,22135500,0.07568500,5.50167500,0
1506212967,22135499,0.07570000,0.47330000,1
1506212967,22135498,0.07570800,5.00000000,1
1506212938,22135486,0.07572500,0.10298000,1
1506212925,22135483,0.07573806,0.12580000,1
1506212903,22135480,0.07576000,0.10298000,1
1506212853,22135476,0.07583000,0.07836078,0
1506212852,22135475,0.07581869,0.96105393,0
1506212803,22135460,0.07569238,0.12617000,1
1506212739,22135435,0.07569217,0.12642000,1
1506212725,22135426,0.07569210,0.20000000,1
1506212713,22135425,0.07569205,0.20000000,1
1506212367,22135374,0.07581869,3.58693707,0
1506212322,22135372,0.07581869,20.45200900,0
1506212315,22135371,0.07581868,25.00000000,0
1506212245,22135355,0.07580998,2.64999500,0
1506212196,22135339,0.07569009,0.50000000,1
1506212193,22135338,0.07569009,0.50000000,1
1506212185,22135334,0.07565166,0.50000000,0
1506212182,22135333,0.07569006,0.50000000,1
1506212181,22135332,0.07569006,0.82071565,1
1506212181,22135331,0.07569006,0.50000000,1
1506212177,22135329,0.07569005,0.50000000,1
1506212176,22135328,0.07569005,0.50000000,1
1506212173,22135327,0.07569005,0.50000000,1
1506212171,22135326,0.07569004,0.50000000,1
1506212169,22135325,0.07569004,0.50000000,1
1506212166,22135324,0.07569003,0.50000000,1
1506212163,22135323,0.07569003,0.50000000,1
1506212161,22135322,0.07569000,0.50000000,1
1506212159,22135321,0.07569002,0.50000000,1
1506212156,22135320,0.07569002,0.50000000,1
1506212154,22135319,0.07569000,0.20915700,1
1506212152,22135318,0.07569001,0.50000000,1
1506212151,22135317,0.07581000,0.39473922,0
1506212149,22135316,0.07569000,0.47310000,1
1506212047,22135274,0.07572543,25.00000000,0
1506212047,22135273,0.07572000,0.10000000,0
1506212000,22135203,0.07572544,0.19999500,0
1506211877,22135173,0.07572544,0.19999500,0
1506211860,22135170,0.07560000,0.10000000,1
1506211796,22135159,0.07567768,4.55032000,0
1506211778,22135145,0.07567768,10.44968000,0
1506211770,22135135,0.07567659,2.87031963,0
1506211766,22135131,0.07567659,3.00000000,0
1506211752,22135123,0.07567659,3.00000000,0
1506211739,22135114,0.07567659,6.12968037,0
1506211739,22135113,0.07567658,0.00000563,0
1506211698,22135100,0.07555063,0.13980149,1
1506211695,22135099,0.07567658,0.46274750,0
1506211695,22135098,0.07567555,0.00000050,0
1506211679,22135092,0.07567555,4.48553600,0
1506211674,22135081,0.07567549,2.99987275,1
1506211648,22135065,0.07567658,14.01000000,0
1506211647,22135064,0.07567658,0.52724687,0
1506211587,22135044,0.07567660,14.01900000,0
1506211556,22135030,0.07567769,0.33334357,0
1506211556,22135029,0.07566999,0.98589600,0
1506211556,22135028,0.07566998,2.33612043,0
1506211527,22135022,0.07566999,9.52239700,0
1506211510,22135016,0.07566999,4.49170700,0
1506211510,22135015,0.07566998,7.40310000,0
1506211497,22135005,0.07566998,7.59690000,0
1506211496,22135004,0.07566997,6.45010000,0
1506211496,22135002,0.07554022,2.74539500,1
1506211495,22134996,0.07554021,1.17105900,1
1506211474,22134973,0.07566997,1.85010000,0
1506211443,22134960,0.07566997,1.84990000,0
1506211438,22134959,0.07566997,1.84990000,0
1506211400,22134941,0.07567769,1.12705600,0
1506211398,22134938,0.07567769,13.53960000,0
1506211398,22134937,0.07567000,0.47240000,0
1506211336,22134909,0.07568999,1.84840021,0
1506211336,22134908,0.07568999,0.65926479,0
1506211277,22134837,0.07556902,3.14374100,0
1506211274,22134835,0.07556902,1.84840000,0
1506211266,22134822,0.07579920,5.88259429,0
