date,tid,price,amount,type
1506297358,22174591,238.80,0.12975500,1
1506297339,22174585,238.81,0.12971600,0
1506297193,22174567,238.90,0.20506252,1
1506297193,22174566,239.00,0.02792196,1
1506297038,22174531,239.00,0.12207804,1
1506297038,22174530,239.05,0.02449096,1
1506297029,22174520,239.07,2.99999088,1
1506297029,22174519,239.30,0.00000912,1
1506296966,22174482,239.30,0.11362303,1
1506296958,22174476,239.30,0.03636785,1
1506296957,22174471,239.50,0.00006263,1
1506296947,22174467,239.50,0.14993737,1
1506296909,22174462,239.86,0.03055949,0
1506296908,22174460,239.70,0.15000000,1
1506296875,22174457,239.90,0.00002088,1
1506296809,22174446,239.90,0.14997912,1
1506296715,22174407,240.10,0.15000000,1
1506296705,22174401,240.19,0.15841000,1
1506296700,22174400,240.30,0.15000000,1
1506296177,22174337,240.49,0.40600000,0
1506296177,22174336,240.48,0.10000000,0
1506296168,22174334,240.50,0.15000000,1
1506296061,22174314,240.60,0.25000000,0
1506296059,22174313,240.70,0.15000000,1
1506295849,22174282,240.76,10.91388399,0
1506295849,22174281,240.83,0.07500000,0
1506295849,22174280,240.86,0.12500000,1
1506295848,22174278,240.90,0.16184826,1
1506295848,22174277,241.02,0.09132270,1
1506295848,22174276,241.05,0.33100000,1
1506295847,22174275,241.07,14.83736200,0
1506295847,22174274,241.10,0.15000000,1
1506295846,22174273,241.16,9.71359867,0
1506295845,22174272,241.16,0.08274000,1
1506295459,22174207,241.14,0.00584219,0
1506295458,22174204,241.30,0.15000000,1
1506295458,22174203,241.47,0.12500000,1
1506295457,22174202,241.50,0.15000000,1
1506295457,22174200,241.75,0.26932781,1
1506295457,22174196,241.81,0.00584591,1
1506295376,22174178,241.81,1.16333651,1
1506294599,22174049,241.90,4.00000000,1
1506294563,22174045,241.88,4.23980845,0
1506294563,22174044,241.85,0.92445925,0
1506294563,22174043,241.87,11.83313300,1
1506294562,22174042,241.87,3.31000000,0
1506294377,22174015,241.88,4.00000000,0
1506294358,22174012,241.88,1.67888500,0
1506294192,22173975,241.88,0.16931709,0
1506294170,22173964,242.00,2.46786572,0
1506294039,22173924,241.90,0.02480056,0
1506293935,22173869,241.61,1.76726000,1
1506293935,22173868,241.70,0.15000000,1
1506293935,22173867,241.73,0.08274000,1
1506293900,22173862,241.83,1.99830000,1
1506293900,22173861,241.83,0.00000220,1
1506293899,22173860,241.80,1.99829780,0
1506293862,22173832,242.00,1.74638430,0
1506293836,22173816,242.00,1.39148760,0
1506293813,22173810,242.00,1.63667013,0
1506293813,22173809,242.00,0.04545455,0
1506293813,22173808,242.00,1.59700000,0
1506293812,22173807,242.00,0.35276827,0
1506293810,22173806,242.00,0.64723173,0
1506293810,22173805,242.00,0.98996201,0
1506293809,22173804,242.00,0.11550222,0
1506293623,22173721,241.80,0.15000000,0
1506293623,22173720,241.78,0.34049596,0
1506293515,22173704,241.78,0.28397716,0
1506293513,22173703,241.73,0.08274000,0
1506293066,22173618,241.78,0.20497973,0
1506293066,22173617,241.72,0.12500000,0
1506293064,22173616,241.50,0.08274000,0
1506292952,22173577,241.68,1.50016200,0
1506292952,22173576,241.60,0.15000000,0
1506292952,22173575,241.51,0.03000000,0
1506292952,22173574,241.50,0.00007560,0
1506292946,22173567,241.50,0.87541587,0
1506292944,22173564,241.50,3.12438400,0
1506292944,22173563,241.40,0.15000000,0
1506292776,22173480,241.32,0.12500000,0
1506292674,22173400,240.61,0.36919842,1
1506292652,22173383,240.50,0.33200000,1
1506292652,22173382,240.45,1.17580184,0
1506292646,22173376,240.26,0.04831646,0
1506292631,22173365,240.25,1.24545000,0
1506292631,22173364,240.25,0.22999500,0
1506292543,22173331,240.03,5.00000000,1
1506292501,22173321,239.87,1.83452000,0
1506292492,22173320,239.87,0.08274000,0
1506292491,22173319,239.92,0.08274000,1
1506292361,22173297,239.58,0.67441208,1
1506292360,22173296,239.59,4.20000000,1
1506292360,22173295,239.80,0.12500000,1
1506292360,22173294,240.15,0.00058792,1
1506292258,22173249,240.15,1.17580184,1
1506292242,22173227,240.26,0.24930138,1
1506292241,22173226,240.25,0.08269862,0
1506292174,22173200,240.56,0.04226000,1
1506292173,22173199,240.08,0.08274000,0
1506292165,22173182,239.67,1.18000254,1
1506292163,22173177,241.40,2.54524968,1
1506292163,22173175,241.40,2.12470400,1
1506292163,22173173,241.40,0.32503949,1
1506292163,22173172,241.40,27.91969000,1
1506292162,22173170,241.29,0.29266024,0
1506292162,22173168,241.15,0.03239137,0
1506292162,22173167,241.15,0.33240761,1
1506292161,22173166,241.13,3.97000000,1
1506292161,22173165,241.13,0.32280499,1
1506292161,22173163,241.00,3.00000000,0
1506292160,22173161,240.99,2.93171568,0
1506292160,22173160,240.99,1.50567900,1
1506292160,22173159,240.97,0.09185708,0
1506292159,22173158,240.91,0.46000000,0
1506292159,22173157,240.72,0.24557320,0
1506292159,22173156,240.70,0.33232189,0
1506292159,22173155,240.70,1.44000000,0
1506292158,22173154,240.67,0.59587958,0
1506292158,22173153,240.58,0.33215578,0
1506292158,22173152,240.10,1.88901042,0
1506292157,22173151,240.09,1.50614200,0
1506292157,22173150,239.96,0.33320000,0
1506292157,22173149,239.93,0.12500000,0
1506292155,22173148,239.70,1.00000000,0
1506291761,22173045,239.54,0.40170000,0
1506291761,22173044,239.54,0.33320000,1
1506291761,22173043,239.54,0.12500000,1
1506291750,22173040,239.66,2.00000000,1
1506291696,22173029,239.98,0.02293769,0
1506291400,22172957,239.78,2.00000000,0
1506291380,22172952,239.76,0.33400000,0
1506291117,22172912,239.39,1.71000000,0
1506290740,22172858,239.38,1.66757861,1
1506290740,22172857,239.39,0.33400000,1
1506290739,22172856,239.41,3.34842139,1
1506290739,22172854,239.45,3.65000000,1
1506290656,22172841,239.18,0.70540475,0
1506290656,22172839,239.20,0.15000000,1
1506290656,22172838,239.36,4.04000000,0
1506290655,22172837,239.40,0.15000000,1
1506290655,22172836,239.51,0.12500000,0
1506290655,22172835,239.60,0.15000000,1
1506290654,22172834,239.80,1.88901042,1
1506289923,22172693,239.79,0.10356911,0
1506289919,22172686,239.78,1.63873170,1
1506289852,22172669,240.47,2.00126000,1
1506289700,22172640,240.51,0.06423849,1
1506289699,22172637,240.40,0.90854134,1
1506289699,22172636,240.40,0.22996540,1
1506289698,22172635,240.40,0.12500000,0
1506289403,22172596,239.95,1.16826322,0
1506289402,22172595,239.96,0.08274000,1
1506289389,22172591,239.88,1.27912042,0
1506289388,22172589,240.22,0.12500000,1
1506289386,22172588,240.57,0.59587958,1
1506289368,22172577,240.58,0.33232189,1
1506289046,22172498,240.81,1.66800000,1
1506289045,22172497,240.81,0.33200000,0
1506288825,22172458,240.58,4.37553800,0
1506288803,22172453,240.57,0.33200000,1
1506288794,22172451,240.58,0.24557320,1
1506288775,22172446,240.60,5.48000000,0
1506288755,22172444,240.59,0.08274000,1
1506288372,22172396,240.99,0.06828432,0
1506288372,22172395,240.98,0.01369013,0
1506288371,22172394,240.98,0.22133766,1
1506288369,22172393,240.95,0.08274000,0
1506288313,22172353,240.98,0.03522010,0
1506288313,22172352,240.92,0.12500000,0
1506288311,22172351,240.62,0.24552008,0
1506288267,22172346,240.57,0.47789348,0
1506288207,22172329,240.57,0.17135014,0
1506288207,22172328,240.57,0.22765918,0
1506288207,22172327,240.48,0.05099068,0
1506288207,22172326,240.47,5.00000000,0
1506288176,22172323,240.45,9.61000000,1
1506288013,22172282,240.04,0.23221700,0
1506288011,22172281,240.03,0.33200000,0
1506287971,22172270,240.03,1.34328500,0
1506287961,22172265,240.01,2.00000000,0
1506287686,22172229,240.04,0.76778300,0
1506287398,22172166,239.78,4.51056000,0
1506287398,22172164,239.88,0.12500000,1
1506287396,22172163,240.00,0.08274000,0
1506287323,22172154,240.48,0.83578000,1
1506287322,22172153,240.36,0.08274000,1
1506287321,22172152,240.36,0.08274000,0
1506287274,22172142,240.01,7.15852932,0
1506287273,22172141,240.10,0.12500000,0
1506287273,22172140,240.24,0.05099068,1
1506287272,22172139,240.26,0.08274000,0
1506287272,22172138,240.26,0.08274000,1
1506287262,22172136,240.56,2.18733114,0
1506287252,22172132,240.54,0.05092669,0
1506287236,22172127,240.48,1.50375900,0
1506287233,22172124,240.48,5.00000000,0
1506287129,22172109,240.53,1.47633588,0
1506287129,22172108,240.53,0.41683845,0
1506287127,22172107,240.41,0.12652092,0
1506286811,22172022,240.50,0.02494699,0
1506286580,22171992,240.09,0.42746470,0
1506286530,22171980,240.06,0.81008558,0
1506286365,22171949,240.00,1.25287000,0
1506286271,22171897,239.69,0.30117381,0
1506286208,22171891,239.60,0.20000000,1
1506286113,22171883,239.90,0.03162619,0
1506286113,22171882,239.89,0.37441400,0
1506286112,22171880,239.87,0.08274000,1
1506286111,22171878,239.87,0.08274000,0
1506286101,22171873,239.50,0.00000400,0
1506286100,22171872,239.50,0.28705600,0
1506285618,22171793,239.40,6.98941609,0
1506285618,22171792,239.45,1.95830391,1
1506285616,22171791,239.46,10.71948000,0
1506285616,22171790,239.46,0.33280000,1
1506285554,22171774,239.45,1.73987782,1
1506285554,22171773,239.53,0.08274000,1
1506285339,22171719,239.76,0.04166145,1
1506285339,22171718,239.78,0.08274000,1
1506285334,22171716,240.10,0.00000738,1
1506285327,22171711,240.10,6.42577523,1
1506285283,22171698,240.10,4.14000000,1
1506285283,22171697,240.10,4.14000000,1
1506285282,22171696,240.10,4.14000000,1
1506285244,22171690,240.08,0.47000000,0
1506285244,22171689,240.06,2.57923300,0
1506285244,22171688,240.04,0.70399738,0
1506285243,22171687,240.01,0.08274000,0
1506285201,22171679,239.92,0.04226000,0
1506285200,22171677,239.91,0.08274000,0
1506285193,22171676,239.62,0.12493753,0
1506285193,22171675,239.62,0.05346219,0
1506285193,22171674,239.60,5.00000000,0
1506285161,22171673,239.61,0.33400000,0
1506284924,22171595,239.28,1.48000000,1
1506284923,22171594,239.28,4.94577736,1
1506284922,22171593,239.00,7.99651830,0
1506284922,22171592,239.03,0.12500000,1
1506284921,22171591,239.04,6.02466000,1
1506284921,22171590,239.04,4.76000000,1
1506284921,22171589,239.06,10.24641200,1
1506284921,22171588,239.26,0.85740970,1
1506284849,22171578,239.26,0.96520812,1
1506284844,22171577,239.27,1.82346111,1
1506284685,22171527,239.26,1.61202732,1
1506284595,22171485,239.20,2.29528555,0
1506284593,22171484,239.20,3.12127926,0
1506284593,22171483,239.20,0.40581103,0
1506284592,22171480,239.18,0.26226080,0
1506284591,22171476,239.20,5.83000000,0
1506284591,22171474,239.20,0.77604515,0
1506284589,22171472,239.05,0.54948023,1
1506284589,22171470,239.16,0.33400000,1
1506284589,22171468,239.16,2.82000000,0
1506284588,22171466,239.20,10.87766199,0
1506284587,22171465,239.20,4.14000000,0
1506284586,22171464,239.30,0.04890780,1
1506284586,22171463,239.31,0.45004387,1
1506284559,22171445,239.58,2.59745384,0
1506284559,22171444,239.58,3.59612993,1
1506284533,22171403,239.62,0.06000000,0
1506284527,22171391,239.59,6.02186400,0
1506284527,22171390,239.59,5.00000000,0
1506284510,22171371,239.51,6.02339400,0
1506284474,22171336,239.54,0.33300000,1
1506284455,22171305,239.48,0.68513600,1
1506284455,22171304,239.48,0.26986506,1
1506284454,22171298,239.47,0.26865000,1
1506284453,22171293,239.47,0.25136000,1
1506284453,22171291,239.47,0.99480652,1
1506284444,22171280,239.62,0.12500000,1
1506284435,22171262,239.45,0.38290700,1
1506284434,22171261,239.46,0.33300000,1
1506284434,22171260,239.66,0.71590700,1
1506284433,22171259,239.45,0.50816700,1
1506284433,22171258,239.84,0.12500000,1
1506284433,22171257,239.86,0.08274000,1
1506284427,22171255,239.64,0.91726000,0
1506284427,22171254,239.64,0.08274000,0
1506284424,22171251,240.16,1.90859427,1
1506284412,22171248,240.16,0.45000000,0
1506284401,22171246,240.27,1.96932617,0
1506284401,22171245,240.22,0.12500000,0
1506284400,22171244,240.12,0.45000000,0
1506284400,22171243,240.00,2.64103912,0
1506284398,22171242,239.99,0.08274000,1
1506284378,22171239,239.60,2.12218680,1
1506284378,22171238,239.62,11.11292800,1
1506284356,22171230,239.75,3.82882168,0
1506284312,22171180,239.90,0.14284600,0
1506284271,22171161,239.81,3.66996382,1
1506284271,22171160,239.83,0.08274000,1
1506284095,22171104,240.00,1.50000000,0
1506284095,22171103,239.99,0.08274000,0
1506283876,22171041,239.85,0.12500000,0
1506283872,22171040,239.86,0.61000000,1
1506283872,22171039,239.82,2.00000000,0
1506283867,22171038,239.80,5.62649402,0
1506283865,22171037,239.50,5.31266900,0
1506283864,22171036,239.50,1.50459100,0
1506283864,22171035,239.63,0.08274000,1
1506283822,22171004,239.90,0.33220000,0
1506283821,22171003,239.90,4.14000000,1
1506283821,22171002,239.94,10.93639100,1
1506283794,22170994,240.00,2.19992575,0
1506283785,22170990,240.14,0.33220000,0
1506283769,22170968,239.89,1.38306755,1
1506283747,22170947,239.89,1.49533400,1
1506283688,22170922,240.25,5.25428032,0
1506283687,22170920,240.21,0.08274000,0
1506283642,22170876,240.39,1.29285000,0
1506283637,22170872,240.39,1.02115970,0
1506283588,22170862,240.14,8.09866600,0
1506283588,22170861,240.14,0.33220000,0
1506283587,22170860,240.14,0.08274000,1
1506283510,22170822,240.13,3.50466600,0
1506283434,22170780,240.29,4.03926700,0
1506283432,22170778,240.29,7.01500000,0
1506283416,22170766,240.29,0.76486745,0
1506283410,22170763,240.29,0.90560900,0
1506283399,22170753,240.29,0.03847900,0
1506283137,22170668,240.68,5.62649402,0
1506283115,22170654,240.70,1.48749481,0
1506283104,22170647,240.60,2.00000000,0
1506282924,22170577,240.54,2.00607558,1
1506282924,22170576,240.48,0.34514851,0
1506282923,22170575,240.45,0.32051122,0
1506282923,22170574,240.40,1.00000000,0
1506282921,22170573,240.34,0.17150037,0
1506282888,22170563,240.34,0.03700000,0
1506282821,22170551,240.31,0.62261246,0
1506282806,22170546,240.00,0.08274000,0
1506282790,22170538,239.98,1.26405600,0
1506282597,22170463,240.00,0.61288729,0
1506282596,22170462,240.00,0.20000000,1
1506282596,22170461,240.00,7.40308333,1
1506282596,22170460,240.12,0.08274000,1
1506282576,22170455,240.35,0.10382015,1
1506282549,22170452,240.35,0.93438129,1
1506282541,22170448,240.34,0.36179856,0
1506282518,22170444,240.35,0.70678982,0
1506282518,22170443,240.35,3.04591400,0
1506282472,22170434,240.35,0.10000000,0
1506282420,22170412,240.35,0.99408600,0
1506282248,22170340,240.45,2.67948878,0
1506282248,22170339,240.42,0.12500000,0
1506282248,22170338,240.29,0.48549811,0
1506282248,22170337,240.18,1.51400000,0
1506282248,22170336,240.18,0.01829382,0
1506282247,22170335,240.18,0.10457000,0
1506282247,22170334,240.17,0.07314929,0
1506282229,22170330,240.00,0.10000000,0
1506282229,22170329,240.00,2.49691667,0
1506282228,22170328,240.00,0.50908333,0
1506282218,22170326,240.00,0.99400000,0
1506282218,22170325,240.00,0.50000000,0
1506282213,22170324,239.92,0.05000000,0
1506282192,22170288,239.52,1.18131644,0
1506282191,22170287,239.56,0.08274000,1
1506282191,22170286,239.57,0.73594356,1
1506282181,22170283,239.52,0.08408851,0
1506282148,22170268,239.51,9.28992259,0
1506282109,22170254,239.41,1.11040000,1
1506282096,22170251,239.51,0.20324829,0
1506282089,22170248,239.48,2.05802329,0
1506282054,22170219,239.45,8.11462211,0
1506282046,22170213,239.45,1.67801211,0
1506282035,22170192,239.45,0.20736578,0
1506281929,22170161,239.42,0.02200000,0
1506281895,22170149,239.43,1.25287000,0
1506281894,22170143,239.42,0.62480160,0
1506281640,22170099,239.45,3.00000000,0
1506281607,22170071,239.31,0.00058501,0
1506281605,22170070,239.27,0.08274000,0
1506281470,22170032,238.62,0.08274000,1
1506281467,22170031,238.44,1.90531511,0
1506281465,22170029,238.44,2.57992916,0
1506281463,22170028,238.44,0.12500000,0
1506281463,22170027,238.44,0.38975573,1
1506281415,22170016,238.72,0.68508908,1
1506281414,22170015,238.83,0.12500000,1
1506281414,22170014,238.90,1.50000000,1
1506281412,22170013,238.92,0.08274000,0
1506281309,22169986,239.02,1.44959342,1
1506281309,22169985,239.05,1.50562200,1
1506281309,22169984,239.09,0.08274000,1
1506281302,22169980,239.30,0.50000000,1
1506281302,22169979,239.31,0.79296076,0
1506281302,22169978,239.31,2.75693245,0
1506281283,22169969,239.31,1.38306755,0
1506281261,22169959,238.92,0.34514851,0
1506281253,22169958,238.63,0.00004020,0
1506281253,22169957,238.63,0.12270000,0
1506281249,22169956,238.63,0.10000000,0
1506281196,22169923,238.63,0.10000000,1
1506281179,22169902,238.48,0.89999500,1
1506281177,22169901,238.63,0.12499500,0
1506281175,22169898,238.48,0.90000000,0
1506281175,22169897,238.47,0.12500000,0
1506281174,22169895,238.46,0.34773520,0
1506281161,22169879,238.20,0.19237986,0
1506281134,22169863,238.20,0.17493703,0
1506281089,22169846,238.20,0.14709800,0
1506281030,22169791,238.19,1.32468395,1
1506281029,22169790,238.00,3.67531605,0
1506280944,22169749,237.57,2.45010679,0
1506280942,22169748,237.57,4.08561712,0
1506280922,22169736,237.47,0.04660000,1
1506280922,22169735,237.48,0.07840000,1
1506280918,22169732,237.48,0.12930000,1
1506280918,22169731,237.48,0.20770000,1
1506280917,22169730,237.46,0.12500000,1
1506280917,22169729,237.47,0.12500000,1
1506280917,22169728,237.47,0.04226000,1
1506280915,22169727,237.43,0.08274000,0
1506280915,22169724,237.43,0.04226000,0
1506280915,22169723,237.42,0.08274000,0
1506280842,22169701,236.50,3.03794641,1
1506280841,22169700,236.50,1.00000000,1
1506280841,22169699,236.51,4.69554800,1
1506280841,22169698,236.51,11.48695736,0
1506280841,22169697,236.51,4.69460600,0
1506280840,22169696,236.57,5.11000000,1
1506280840,22169695,236.79,3.00000000,1
1506280840,22169694,236.80,3.34842139,0
1506280839,22169693,236.88,0.12500000,1
1506280839,22169692,237.08,1.50955500,1
1506280839,22169691,237.10,0.50000000,1
1506280839,22169690,237.10,0.33700000,0
1506280838,22169689,237.34,0.10500000,1
1506280838,22169688,237.34,0.10500000,1
1506280838,22169687,237.34,0.10500000,1
1506280837,22169686,237.35,0.10500000,1
1506280837,22169685,237.35,0.10500000,1
1506280837,22169684,237.35,0.10500000,1
1506280836,22169683,237.35,0.10500000,1
1506280836,22169682,237.35,0.10500000,1
1506280836,22169681,237.35,0.10500000,1
1506280836,22169680,237.35,0.10500000,1
1506280836,22169679,237.35,0.10496584,1
1506280833,22169678,237.33,0.00003416,0
1506280832,22169677,237.33,0.10495134,0
1506280832,22169676,237.32,0.00004866,0
1506280805,22169668,237.32,0.10498934,0
1506280805,22169667,237.32,0.43211066,0
1506280749,22169641,237.23,0.46155897,0
1506280602,22169582,237.19,0.98460095,0
1506280545,22169550,237.12,1.03511000,1
1506280479,22169529,237.23,1.58527552,0
1506280463,22169525,237.23,0.08408851,0
1506280327,22169505,237.18,0.02747800,0
1506280299,22169485,237.23,2.28405500,0
1506280299,22169483,237.22,1.23700000,0
1506280291,22169477,237.22,0.11748587,1
1506280171,22169414,237.32,1.91852000,0
1506280170,22169413,237.29,0.08274000,0
1506280039,22169365,237.32,2.35180600,1
1506280028,22169331,237.32,0.14819400,1
1506279952,22169298,237.57,0.05005000,0
1506279937,22169295,237.57,0.10000000,0
1506279828,22169254,237.57,1.97617544,0
1506279801,22169249,237.57,1.51913200,0
1506279801,22169248,237.56,0.10504300,0
1506279801,22169247,237.56,0.33600000,0
1506279786,22169224,237.31,1.00021000,1
1506279786,22169223,237.33,1.50879000,1
1506279613,22169155,237.37,0.10504300,1
1506279613,22169153,237.43,2.97160800,1
1506279612,22169152,237.44,2.11000000,0
1506279612,22169151,237.44,0.33600000,1
1506279589,22169118,237.64,1.77590540,0
1506279589,22169117,237.65,0.08274000,1
1506279289,22169047,237.71,1.01726000,0
1506279288,22169045,237.71,0.08274000,1
1506279134,22168982,237.57,9.00000000,1
1506279131,22168977,238.00,0.40942971,0
1506279092,22168965,238.00,17.91525424,0
1506279092,22168964,237.99,0.09919576,0
1506279091,22168963,237.95,1.90281000,0
1506279091,22168962,237.81,0.08274000,0
1506279024,22168939,237.75,0.07890000,0
1506279022,22168938,237.40,0.02110000,0
1506278827,22168868,237.75,1.41000000,1
1506278827,22168867,237.75,12.31003795,0
1506278814,22168865,237.75,2.61475127,0
1506278814,22168864,237.70,0.08274000,0
1506278814,22168863,237.69,4.20250873,0
1506278702,22168847,237.25,1.01445000,1
1506278464,22168789,237.00,1.40921474,0
1506278457,22168783,237.05,2.39617700,1
1506278418,22168772,237.38,2.00000000,1
1506278415,22168770,237.39,1.90281000,0
1506278399,22168765,237.42,0.08274000,1
1506278352,22168756,237.91,2.41726000,0
1506278352,22168755,237.86,0.08274000,0
1506278341,22168753,237.49,0.01726000,0
1506278340,22168751,237.49,0.08274000,1
1506278338,22168750,237.91,0.90000000,0
1506278335,22168749,237.86,0.20000000,0
1506278307,22168732,237.92,1.09007229,0
1506278267,22168719,237.95,32.35675562,1
1506278267,22168718,237.83,0.12500000,0
1506278265,22168717,237.70,4.00000000,0
1506278245,22168691,237.38,0.32581212,1
1506278204,22168673,237.38,20.00000000,0
1506278189,22168669,237.36,3.80539174,0
1506278175,22168663,237.20,3.79624790,1
1506278173,22168657,237.20,11.12854132,0
1506278166,22168650,237.19,5.00000000,0
1506278156,22168638,237.20,13.44385395,1
1506278155,22168634,237.20,11.12000000,1
1506278154,22168631,237.10,2.73574570,0
1506278154,22168630,237.08,0.08263455,0
1506278154,22168628,237.07,0.56280045,0
1506278115,22168586,237.13,3.49021300,1
1506278115,22168583,237.13,2.30114400,1
1506278113,22168574,237.13,0.12500000,1
1506278112,22168573,236.90,0.12500000,0
1506278102,22168558,236.73,0.08274000,0
1506278102,22168557,236.72,0.53507400,0
1506278097,22168556,236.72,0.10000000,0
1506278046,22168530,236.38,0.61429654,1
1506278046,22168529,236.45,0.60000000,1
1506278046,22168528,236.50,0.66013446,1
1506278044,22168524,236.50,1.87447000,1
1506278044,22168521,236.50,5.84577600,1
1506278044,22168520,236.51,1.87270800,1
1506278004,22168500,236.50,0.51894300,1
1506278002,22168499,236.51,1.88105700,1
1506277934,22168470,236.66,5.41245300,1
1506277922,22168453,236.72,0.69833558,1
1506277921,22168450,236.69,0.08274000,1
1506277920,22168449,236.69,1.07756982,0
1506277902,22168400,236.41,0.04146779,1
1506277901,22168395,236.41,0.62188300,1
1506277872,22168347,236.41,1.73963100,1
1506277829,22168323,236.30,0.50000000,1
1506277824,22168321,236.32,2.81064102,1
1506277769,22168287,236.51,1.12756075,0
1506277769,22168286,236.51,0.50000000,1
1506277769,22168285,236.51,0.03000000,1
1506277769,22168284,236.83,0.10000000,1
1506277769,22168283,236.88,0.48523925,1
1506277768,22168282,237.00,21.25319093,1
1506277763,22168275,237.01,2.24280000,1
1506277762,22168272,237.00,0.74680907,1
1506277762,22168271,237.01,1.49599093,1
1506277760,22168262,237.01,0.03051785,1
1506277759,22168258,237.01,0.07184682,1
1506277759,22168255,237.01,3.81164440,1
1506277753,22168218,237.02,0.64647831,1
1506277753,22168217,237.10,0.50415000,0
1506277751,22168210,237.02,1.02575469,1
1506277738,22168200,237.04,4.23107996,0
1506277716,22168186,237.04,1.65392282,1
1506277716,22168185,237.04,0.34773520,1
1506277715,22168179,237.10,4.00000000,0
1506277708,22168170,237.10,4.14000000,0
1506277707,22168167,237.10,4.14000000,0
1506277707,22168166,237.10,3.04584549,0
1506277706,22168165,237.15,1.62808000,1
1506277670,22168076,237.02,1.95570673,1
1506277670,22168074,237.42,0.02500000,1
1506277670,22168072,237.42,0.10000000,1
1506277667,22168065,237.28,1.87627685,0
1506277666,22168064,237.28,0.09919576,0
1506277666,22168063,237.49,0.02452739,1
1506277664,22168062,237.49,0.96543462,1
1506277664,22168060,237.69,0.02454387,1
1506277644,22168014,237.99,0.12500000,0
1506277641,22167997,237.99,0.09714286,0
1506277640,22167995,238.00,0.08274000,0
1506277639,22167994,238.00,3.53166201,1
1506277639,22167992,238.00,2.18375000,1
1506277639,22167990,238.06,0.20850037,1
1506277639,22167989,238.10,0.05964000,1
1506277638,22167987,238.16,0.12500000,1
1506277638,22167985,238.22,1.51400000,1
1506277605,22167927,238.40,5.47059600,1
1506277453,22167774,238.87,0.05851657,1
1506277431,22167760,238.63,1.31369082,1
1506277323,22167719,239.00,3.93372131,1
1506277323,22167716,238.87,0.06627869,0
1506277275,22167697,238.63,0.68630918,1
1506277274,22167696,238.74,0.48222915,1
1506277274,22167695,238.75,0.33192000,1
1506277271,22167694,238.75,0.66808000,1
1506276922,22167575,239.20,0.00000047,1
1506276917,22167572,239.20,2.30054300,1
1506276915,22167570,239.37,0.02500000,0
1506276913,22167569,239.21,0.08274000,1
1506276800,22167544,239.50,12.31611691,0
1506276799,22167543,239.48,2.75000000,0
1506276799,22167542,239.35,1.50182500,1
1506276799,22167541,239.29,0.12500000,0
1506276798,22167540,239.20,0.50000000,0
1506276797,22167539,239.17,0.08274000,1
1506276766,22167527,238.77,1.67113287,0
1506276765,22167526,238.90,0.08274000,0
1506276764,22167523,238.90,0.12500000,1
1506276764,22167522,238.92,0.08274000,1
1506276749,22167502,239.50,1.91726000,0
1506276749,22167501,239.45,0.08274000,0
1506276733,22167495,239.49,0.04168276,0
1506276722,22167492,238.89,0.50000000,1
1506276647,22167452,238.97,0.31683845,1
1506276511,22167409,239.55,0.65072011,1
1506276507,22167407,239.86,0.03326802,0
1506276488,22167403,239.55,0.12500000,1
1506276483,22167401,239.48,0.12500000,0
1506276482,22167400,239.48,1.41611834,0
1506276479,22167399,239.16,0.20852149,0
1506276478,22167398,239.13,0.10000000,1
1506276410,22167383,239.14,0.10000000,1
1506276349,22167374,239.60,2.31161440,1
1506276348,22167373,239.60,1.50003000,0
1506276348,22167372,239.20,0.01726000,1
1506276348,22167371,239.21,0.08274000,1
1506276320,22167367,239.70,0.41135168,1
1506276319,22167366,239.70,0.26243382,1
1506276306,22167363,239.70,1.22636374,1
1506276306,22167362,239.70,3.65824800,1
1506276294,22167352,239.70,0.34175200,1
1506276263,22167337,239.69,0.08274000,1
1506276262,22167336,239.68,0.01829382,1
1506276261,22167335,239.68,0.10457000,0
1506276260,22167333,239.68,0.12500000,0
1506276259,22167331,239.81,0.12500000,1
1506276256,22167329,239.91,6.00000000,1
1506276248,22167323,240.12,1.85741700,1
1506276221,22167286,240.12,0.92358300,1
1506276221,22167285,240.20,0.12500000,1
1506276220,22167283,240.21,1.77282427,1
1506276219,22167282,240.26,1.00000000,1
1506276219,22167281,240.27,0.04858347,1
1506276217,22167278,240.54,0.44446908,1
1506276212,22167270,240.54,3.27000000,1
1506276206,22167260,240.54,6.01313000,1
1506276204,22167254,240.54,4.67882500,1
1506276203,22167252,240.54,1.04858300,1
1506276198,22167249,240.54,3.89000000,1
1506276197,22167247,240.54,0.90814292,1
1506276192,22167239,240.54,2.76848146,1
1506276191,22167234,240.54,10.48266617,1
1506276189,22167231,240.54,6.14059200,1
1506276189,22167229,240.54,3.00673485,1
1506276187,22167225,240.54,16.00000000,1
1506276187,22167223,240.54,1.70015400,1
1506276187,22167222,240.54,1.99600000,1
1506276185,22167218,240.54,4.62000000,1
1506276182,22167216,240.54,0.74420000,1
1506276182,22167215,240.54,7.29383100,1
1506276181,22167213,240.54,5.98098000,1
1506276176,22167209,240.54,6.51431300,1
1506276176,22167208,240.54,3.03008000,1
1506276173,22167206,240.55,6.16000000,1
1506276171,22167205,240.54,2.00000000,1
1506276169,22167203,240.54,23.16985436,1
1506276169,22167202,240.55,0.30394564,1
1506276167,22167201,240.55,0.30689960,1
1506276163,22167189,240.55,0.04915476,1
1506276161,22167182,240.55,6.00000000,1
1506276154,22167176,240.55,0.10000000,1
1506276094,22167128,240.70,0.09185708,1
1506276049,22167075,240.72,5.64918500,0
1506276049,22167074,240.73,0.33000000,1
1506276043,22167066,240.74,1.76102329,0
1506276038,22167054,240.74,0.33000000,1
1506276001,22167019,240.95,0.02490040,0
1506275968,22167010,241.00,0.25580000,1
1506275941,22166997,241.00,0.34000000,1
1506275907,22166978,241.00,0.66200000,0
1506275904,22166951,241.00,1.92308127,0
1506275903,22166950,241.00,0.09177017,0
1506275903,22166949,240.99,0.33000000,0
1506275903,22166947,240.74,0.33200000,0
1506275903,22166942,240.73,0.33000000,0
1506275735,22166881,240.58,5.00000000,1
1506275515,22166779,240.21,1.22717573,1
1506275514,22166778,240.30,3.00000000,1
1506275514,22166777,240.37,1.49437000,0
1506275514,22166776,240.50,2.58508127,1
1506275514,22166775,240.50,3.09457300,0
1506275514,22166774,240.50,0.12500000,0
1506275513,22166773,240.53,0.33180000,1
1506275513,22166772,240.54,0.33200000,1
1506275511,22166771,240.71,1.00000000,1
1506275396,22166740,240.70,0.04520494,1
1506275372,22166733,240.70,1.99236800,1
1506275371,22166732,240.70,5.97855100,1
1506275369,22166730,240.70,5.71828900,1
1506275323,22166711,240.70,4.03834100,1
1506275306,22166706,240.70,2.32502283,1
1506275306,22166705,240.71,0.09177017,1
1506275292,22166702,240.72,1.00000000,1
1506274964,22166634,240.70,2.55101787,1
1506274773,22166561,240.70,2.72727272,1
1506274680,22166545,240.70,3.43165070,1
1506274584,22166530,240.69,0.07564913,1
1506274303,22166458,241.09,0.00763200,0
1506274301,22166457,241.05,0.08274000,1
1506274301,22166454,241.05,2.00000000,0
1506274214,22166409,241.05,2.97656943,0
1506274212,22166408,240.65,0.04476473,0
1506273976,22166373,240.60,1.28775150,0
1506273975,22166372,240.65,0.12500000,1
1506273975,22166371,240.68,1.49404800,1
1506273973,22166370,240.80,2.09320050,1
1506273893,22166349,241.07,0.26087858,0
1506273892,22166348,241.00,0.08330000,0
1506273892,22166347,240.96,1.00000000,0
1506273890,22166346,240.94,0.10453799,0
1506273594,22166255,240.91,1.07521482,1
1506273592,22166249,240.90,3.99987547,1
1506273562,22166241,240.78,1.87679950,0
1506273380,22166208,240.50,2.06933286,1
1506273380,22166207,240.51,1.00000000,1
1506273046,22166160,240.50,1.34558587,1
1506273046,22166159,240.63,0.03239137,1
1506272982,22166132,240.63,1.87679950,1
1506272982,22166131,240.68,1.33452000,1
1506272982,22166130,240.69,0.50000000,1
1506272982,22166129,240.70,0.08330000,1
1506272728,22166060,240.79,3.00000000,1
1506272728,22166059,240.80,0.07572834,1
1506272727,22166057,240.79,0.00701166,0
1506272725,22166056,240.80,0.08274000,1
1506272703,22166043,241.09,0.10000000,0
1506272687,22166042,241.12,1.49349500,1
1506272686,22166041,241.12,4.00000000,1
1506272662,22166032,241.17,5.54587900,1
1506272661,22166031,241.17,1.15841511,1
1506272646,22166022,241.14,0.87242500,0
1506272614,22166014,241.20,1.22321400,1
1506272610,22166010,241.20,4.75056300,0
1506272414,22165901,241.12,3.91826000,1
1506272414,22165900,241.12,0.08300000,0
1506272139,22165759,240.68,0.08274000,1
1506272138,22165758,240.68,0.50000000,1
1506272137,22165757,240.62,0.08274000,0
1506272059,22165744,240.26,0.18876255,1
1506272059,22165743,240.26,0.50000000,0
1506272059,22165742,240.40,0.12500000,0
1506272058,22165741,240.45,0.05972136,1
1506272058,22165740,240.50,0.37793446,1
1506272057,22165739,240.51,0.11858163,1
1506272048,22165735,240.51,0.30997930,1
1506272045,22165730,240.53,0.31003655,1
1506271983,22165710,240.52,0.06372400,1
1506271983,22165709,240.52,0.08274000,1
1506271951,22165698,240.85,1.12574745,0
1506271938,22165694,240.86,0.08274000,0
1506271925,22165693,240.90,0.12500000,0
1506271925,22165692,240.74,0.42856093,0
1506271925,22165691,240.55,0.05986527,0
1506271871,22165680,240.52,0.42856093,0
1506271833,22165674,240.55,0.08300000,1
1506271830,22165672,240.56,2.59000000,1
1506271827,22165671,240.57,0.04182183,0
1506271773,22165663,240.64,0.34528757,0
1506271591,22165638,240.86,0.79461950,0
1506271591,22165637,240.85,3.00000000,0
1506271516,22165621,241.01,0.07143907,0
1506271516,22165619,240.88,0.12500000,1
1506271515,22165618,240.88,0.08274000,1
1506271514,22165617,240.88,0.12500000,0
1506271509,22165616,240.50,0.08175957,0
1506271509,22165615,240.49,0.71090888,0
1506271507,22165614,240.50,0.73583610,0
1506271505,22165613,240.50,0.34428049,0
1506271421,22165596,240.83,0.04146847,1
1506271379,22165576,240.98,0.12180792,0
1506271379,22165575,240.55,1.58452000,0
1506271374,22165572,240.55,0.12500000,0
1506271373,22165571,240.53,0.50414887,1
1506271370,22165568,240.65,0.12500000,1
1506271370,22165567,240.71,0.08274000,1
1506271370,22165566,240.72,0.08274000,1
1506271319,22165546,241.10,0.28029863,0
1506271113,22165500,241.70,0.05100943,1
1506271092,22165491,241.70,0.19899057,1
1506271091,22165490,241.71,0.05094737,1
1506271091,22165489,241.71,0.44905263,1
1506271091,22165487,241.72,0.05092669,1
1506271085,22165480,241.80,0.00000008,1
1506271084,22165479,241.80,3.29358000,1
1506271084,22165478,241.80,7.61245800,1
1506271076,22165475,241.80,17.00995792,1
1506271075,22165471,241.80,12.08400400,1
1506271020,22165461,241.81,0.61797874,1
1506271014,22165458,241.82,4.14000000,1
1506271013,22165456,241.96,0.93632300,0
1506271012,22165455,241.96,1.00126000,1
1506270963,22165416,241.98,0.41226548,0
1506270940,22165411,241.85,0.93650193,1
1506270940,22165410,241.85,0.06811494,1
1506270867,22165399,241.85,0.61303443,0
1506270863,22165395,241.83,0.22664712,0
1506270863,22165394,241.85,0.55970708,0
1506270786,22165381,241.91,0.56142062,0
1506270777,22165379,241.91,0.02058617,0
1506270656,22165351,241.81,0.34066889,1
1506270403,22165288,242.11,0.05082697,0
1506270403,22165287,242.11,0.27848615,0
1506270401,22165286,242.02,0.08274000,0
1506270285,22165221,241.86,1.22834638,1
1506270285,22165220,241.87,0.12241000,1
1506270285,22165219,241.87,0.64924362,1
1506270261,22165215,241.87,0.27848615,1
1506270075,22165163,242.18,3.91852000,1
1506270074,22165162,242.16,0.08274000,0
1506270066,22165161,241.86,3.65644447,1
1506270066,22165160,241.87,0.12260400,1
1506270065,22165158,242.08,0.00002809,1
1506270051,22165156,242.19,0.18000000,0
1506269830,22165113,242.19,0.04151385,0
1506269797,22165108,242.08,0.19291144,1
1506269793,22165106,242.08,0.09773513,1
1506269791,22165105,242.08,0.13356526,0
1506269770,22165102,242.05,0.25000000,0
1506269713,22165089,241.95,0.20737433,0
1506269708,22165088,241.95,0.72006200,0
1506269708,22165087,241.93,0.49993800,0
1506269706,22165086,241.88,0.50000000,1
1506269704,22165085,241.88,0.58280687,0
1506269589,22165038,241.92,0.49987600,1
1506269534,22165000,241.81,0.00004505,0
1506269533,22164999,241.81,5.44240000,0
1506269515,22164982,241.69,0.11961000,1
1506269505,22164976,241.68,0.11945284,1
1506269225,22164902,241.08,0.05495900,1
1506269225,22164901,241.09,0.17730100,1
1506269225,22164900,241.18,0.08274000,1
1506269178,22164894,241.72,0.21538313,0
1506269178,22164893,241.63,3.55981130,0
1506268933,22164823,240.94,0.01058400,1
1506268933,22164822,240.96,0.08274000,1
1506268932,22164821,240.96,0.08274000,1
1506268932,22164820,241.01,0.08274000,1
1506268932,22164819,241.16,0.12500000,1
1506268604,22164712,241.80,0.71092767,0
1506268576,22164704,241.77,0.82423443,0
1506268565,22164703,241.78,0.71095707,0
1506268537,22164689,241.79,3.10160473,0
1506268536,22164687,241.57,0.45914738,0
1506268531,22164685,241.57,1.01126000,0
1506268531,22164684,241.57,2.24589462,0
1506268508,22164679,241.57,0.74931095,0
1506268508,22164677,241.57,1.59848969,0
1506268436,22164648,240.92,10.00000000,1
1506268317,22164621,241.25,1.38185061,0
1506268317,22164620,240.99,0.12500000,0
1506268310,22164619,241.23,1.44516909,0
1506268307,22164616,240.91,0.02586554,0
1506268307,22164615,240.69,0.08274000,0
1506268306,22164614,240.91,0.09913446,0
1506268306,22164613,240.70,0.08274000,0
1506268060,22164513,240.62,7.00000000,1
1506267987,22164504,241.31,1.00982697,0
1506267987,22164503,241.00,2.35397909,0
1506267985,22164502,241.00,1.28128709,1
1506267980,22164498,241.02,0.14708322,0
1506267976,22164495,241.02,1.75701063,0
1506267976,22164493,241.01,0.33090000,0
1506267965,22164488,241.02,0.33090000,0
1506267964,22164486,241.16,0.08274000,1
1506267955,22164485,241.12,0.03522671,1
1506267933,22164482,241.34,0.08274000,0
1506267919,22164479,241.66,0.06236810,1
1506267893,22164461,241.69,0.02265676,0
1506267805,22164448,241.66,1.00000000,1
1506267764,22164444,241.75,3.00000000,1
1506267751,22164442,241.80,0.20203628,0
1506267721,22164433,241.81,2.06256979,0
1506267669,22164429,241.76,5.96605600,0
1506267668,22164426,241.81,2.39282908,0
1506267645,22164410,241.66,7.93763190,0
1506267631,22164404,241.66,2.06236810,1
1506267616,22164379,241.66,0.19995035,1
1506267605,22164373,241.66,0.19995035,1
1506267598,22164359,241.53,0.53773120,0
1506267566,22164331,241.53,0.30726000,0
1506267566,22164330,241.52,7.61000000,0
1506267566,22164329,241.51,0.08274000,0
1506267562,22164328,241.14,0.63471900,1
1506267562,22164327,241.15,0.12500000,1
1506267561,22164326,241.23,0.08274000,1
1506267508,22164316,241.53,0.44994828,0
1506267508,22164315,241.52,0.55005172,0
1506267374,22164265,241.39,3.77710144,0
1506267255,22164230,241.16,0.38380400,1
1506267254,22164229,241.52,0.05130009,0
1506267253,22164228,241.40,0.33220000,1
1506267252,22164227,241.40,0.12064878,0
1506267088,22164189,241.39,0.95237000,0
1506267088,22164188,241.27,0.08274000,0
1506267086,22164187,241.00,1.06826000,1
1506266991,22164172,241.52,1.87374311,0
1506266991,22164171,241.22,1.49452400,1
1506266990,22164170,240.95,0.46000000,0
1506266990,22164169,240.93,0.12500000,1
1506266988,22164168,240.59,0.08269863,0
1506266961,22164163,240.39,10.50380000,0
1506266839,22164107,240.20,0.15000000,1
1506266659,22164068,240.58,0.00014547,1
1506266653,22164063,240.58,4.24985453,1
1506266652,22164062,240.58,4.16726000,1
1506266651,22164061,240.50,0.08274000,0
1506266476,22164037,240.17,1.66780000,1
1506266474,22164034,240.18,0.33220000,1
1506266428,22164028,240.16,2.00000000,0
1506266322,22163999,240.13,0.05668000,1
1506266314,22163997,240.11,0.12487000,1
1506266306,22163994,240.06,0.50702601,1
1506266299,22163993,240.05,1.81685598,0
1506266173,22163922,240.05,0.46465320,1
1506266171,22163920,240.09,0.08274000,0
1506266169,22163918,240.09,0.08274000,1
1506266138,22163901,240.14,0.49275422,0
1506266136,22163900,240.12,0.01533356,0
1506265937,22163838,240.12,7.00465558,0
1506265937,22163836,240.11,0.00599070,0
1506265932,22163828,240.11,3.89400930,0
1506265932,22163827,240.10,0.93270830,0
1506265931,22163826,239.96,0.44761190,0
1506265742,22163742,239.66,0.56947500,1
1506265619,22163712,239.50,1.85366585,1
1506265619,22163711,239.50,1.50045833,1
1506265619,22163710,239.62,0.00000025,1
1506265545,22163672,239.62,1.70953700,1
1506265461,22163644,240.13,0.00203958,1
1506265461,22163643,240.13,4.07913299,1
1506265457,22163638,240.13,1.23682472,1
1506265456,22163632,240.13,4.25000000,1
1506265455,22163631,240.13,0.33200000,1
1506265452,22163628,240.14,0.40492001,0
1506265449,22163626,240.13,0.10000271,1
1506265446,22163623,240.14,0.50408695,1
1506265443,22163622,240.14,1.37705400,1
1506265443,22163621,240.14,0.07364105,1
1506265443,22163620,240.14,3.17873600,1
1506265442,22163617,240.14,0.58648200,1
1506265427,22163610,240.15,0.58634187,1
1506265386,22163580,240.24,0.12500000,0
1506265386,22163579,240.25,0.31737773,1
1506265386,22163578,240.55,4.83041489,1
1506265384,22163575,240.55,1.35523000,1
1506265383,22163574,240.56,0.12435500,1
1506265383,22163573,240.56,6.18564500,1
1506265378,22163570,240.58,0.26898882,1
1506265370,22163568,240.58,1.24144691,1
1506265369,22163564,240.58,0.64038296,1
1506265368,22163562,240.58,1.24150935,1
1506265366,22163559,240.58,2.18247238,1
1506265361,22163554,240.55,1.70582200,1
1506265360,22163549,240.55,1.09095818,1
1506265359,22163547,240.55,0.34487921,1
1506265358,22163545,240.55,0.50721572,1
1506265357,22163544,240.55,0.08274000,1
1506265356,22163543,240.50,0.08274000,0
1506265332,22163507,240.17,0.05000000,1
1506265287,22163404,240.53,0.06586148,1
1506265286,22163401,240.22,0.66253852,0
1506265285,22163396,240.22,2.60390000,0
1506265284,22163392,240.22,0.02482200,0
1506265282,22163390,240.47,0.34522948,1
1506265281,22163389,240.47,0.16497052,1
1506265281,22163388,240.49,0.34499572,1
1506265281,22163387,240.54,0.00011818,1
1506265280,22163382,240.54,0.16550262,1
1506265277,22163378,240.54,0.34457920,1
1506265277,22163377,240.56,0.08291367,1
1506265277,22163376,240.56,0.42728633,1
1506265276,22163372,240.56,0.51020000,1
1506265276,22163370,240.56,0.51020000,1
1506265276,22163366,240.56,0.51020000,1
1506265274,22163364,240.45,0.08250428,0
1506265273,22163363,240.45,0.34478314,0
1506265273,22163362,240.45,0.08271686,0
1506265272,22163361,240.45,0.34474195,0
1506265272,22163360,240.45,0.00001805,0
1506265272,22163359,240.44,0.08274000,0
1506265268,22163353,240.45,0.33200000,1
1506265268,22163352,240.47,0.12500000,1
1506265266,22163345,240.45,0.02949891,1
1506265266,22163344,240.59,0.08274000,1
1506265257,22163336,240.55,0.10000271,1
1506265245,22163332,240.48,3.78892116,1
1506265239,22163329,240.94,0.43604216,0
1506265239,22163328,240.87,4.41717200,0
1506265237,22163327,240.65,0.12500000,0
1506265227,22163325,240.47,1.49594200,1
1506265227,22163324,240.45,0.00004000,0
1506265226,22163323,240.30,9.25000000,0
1506265221,22163322,240.45,0.08270000,0
1506265220,22163321,240.26,4.25000000,1
1506265084,22163240,240.73,0.62951954,0
1506265084,22163239,240.73,0.14201700,0
1506265083,22163237,240.74,0.08274000,1
1506265081,22163234,241.14,0.42447572,1
1506265081,22163233,241.14,0.08274000,1
1506265078,22163232,240.72,0.00209563,1
1506265078,22163231,240.72,0.02130000,1
1506265078,22163230,240.72,0.02130000,1
1506265078,22163229,240.72,0.02130000,1
1506265078,22163228,240.72,0.02130000,1
1506265078,22163227,240.73,0.02130000,1
1506265078,22163226,240.73,0.01918765,1
1506265076,22163223,240.73,0.00211235,1
1506265076,22163222,240.73,0.02130000,1
1506265076,22163221,240.74,0.02130000,1
1506265076,22163220,240.75,0.02130000,1
1506265076,22163219,240.75,0.02130000,1
1506265076,22163218,240.75,0.02130000,1
1506265075,22163217,240.75,0.01917093,1
1506265072,22163209,240.75,0.00212907,1
1506265072,22163208,240.75,0.02129141,1
1506265072,22163207,240.76,0.00034000,1
1506265072,22163206,240.78,0.08274000,1
1506265070,22163203,240.78,4.25000000,1
1506265064,22163201,240.76,0.02096000,1
1506265064,22163200,240.76,0.02130000,1
1506265063,22163199,240.77,0.08274000,1
1506265059,22163194,240.40,0.00000859,0
1506265058,22163193,240.40,0.02130000,0
1506265052,22163190,241.10,0.10369141,1
1506265051,22163188,242.05,17.63999173,1
1506265051,22163187,242.05,15.56548033,1
1506265050,22163184,242.01,4.62466963,0
1506265050,22163182,241.98,1.24541228,0
1506265049,22163179,241.54,0.10062410,0
1506265049,22163178,241.54,1.48799964,1
1506265049,22163177,241.53,0.61000000,1
1506265049,22163176,241.53,3.05000000,1
1506265049,22163175,241.41,0.47000000,0
1506265048,22163173,241.27,1.42500000,0
1506265048,22163172,241.27,4.53154000,1
1506265048,22163171,241.20,4.00000000,0
1506265047,22163170,241.00,0.10000000,0
1506265047,22163169,241.00,0.10000000,0
1506265047,22163168,241.00,0.10000000,0
1506265047,22163167,241.00,0.10000000,0
1506265047,22163166,241.00,0.10000000,0
1506265047,22163165,241.00,0.10000000,0
1506265047,22163164,241.00,0.01726000,0
1506265047,22163163,241.00,0.08274000,0
1506265046,22163162,241.00,0.10000000,0
1506265046,22163161,241.00,0.10000000,0
1506265046,22163160,241.00,0.01726000,0
1506265046,22163159,241.00,0.10000000,0
1506265046,22163158,241.00,0.10000000,0
1506265046,22163157,241.00,0.10000000,0
1506265046,22163156,241.00,0.10000000,0
1506265046,22163155,241.00,0.08274000,0
1506265045,22163154,241.00,1.00000000,0
1506265045,22163153,240.75,5.98186800,0
1506265045,22163152,240.66,0.48288858,0
1506265044,22163151,240.60,2.92885900,0
1506265044,22163150,240.60,10.97801326,0
1506265044,22163149,240.58,0.12500000,0
1506265044,22163148,240.50,20.00000000,0
1506265044,22163147,240.49,3.05000000,0
1506265043,22163146,240.49,6.02350369,0
1506265043,22163145,240.40,5.98186800,0
1506265043,22163144,240.34,2.25019370,0
1506265041,22163141,240.05,2.68707979,0
1506265039,22163139,240.05,1.23791295,0
1506265035,22163132,240.05,0.54244300,0
1506265034,22163131,240.34,0.22755263,0
1506264996,22163112,240.34,0.71432178,0
1506264990,22163104,240.34,0.07149180,0
1506264985,22163102,240.34,0.08738782,0
1506264900,22163078,240.32,0.08274000,0
1506264832,22163046,239.63,1.60383401,1
1506264832,22163045,239.71,0.08274000,1
1506264825,22163044,240.49,1.67365507,0
1506264825,22163043,240.22,0.12500000,0
1506264825,22163042,239.97,0.08274000,0
1506264817,22163040,239.67,0.16726000,1
1506264816,22163039,239.68,4.25000000,1
1506264816,22163038,239.68,0.10000000,1
1506264816,22163036,239.68,0.10000000,1
1506264816,22163035,239.68,0.10000000,1
1506264816,22163034,239.68,0.10000000,1
1506264816,22163033,239.68,0.10000000,1
1506264814,22163031,239.70,0.08274000,1
1506264808,22163030,240.00,0.71000000,0
1506264790,22163027,240.00,0.11859333,0
1506264790,22163026,239.99,0.08274000,0
1506264718,22163000,240.00,6.43037500,0
1506264694,22162991,240.00,0.08274000,1
1506264658,22162988,240.41,3.35616401,0
1506264625,22162986,240.48,2.98216067,0
1506264625,22162985,240.33,0.80000000,0
1506264623,22162984,240.32,0.12500000,0
1506264455,22162952,239.96,4.25000000,1
1506264454,22162951,239.96,4.25000000,1
1506264453,22162950,239.95,4.25000000,0
1506264453,22162949,239.94,12.16905603,0
1506264430,22162943,239.98,1.98070673,0
1506264404,22162937,240.07,2.31666389,0
1506264292,22162898,239.93,1.71372301,0
1506264291,22162897,239.84,0.31092859,0
1506264291,22162895,239.74,0.12500000,0
1506264259,22162838,239.63,3.00244267,0
1506264259,22162836,239.45,0.00062500,0
1506264255,22162802,239.45,0.12437500,0
1506264217,22162753,239.00,2.22828234,0
1506264217,22162752,238.99,6.80000000,0
1506264195,22162745,239.00,0.77977724,0
1506264195,22162744,239.00,2.52677824,0
1506264192,22162742,239.00,2.37368077,0
1506264191,22162741,239.00,0.69827333,0
1506264133,22162712,238.76,0.14821000,0
1506264090,22162702,238.87,0.17465700,0
1506264078,22162694,238.91,0.11473000,1
1506264077,22162691,238.91,0.11473000,0
1506264054,22162663,238.18,3.35094773,1
1506264046,22162647,239.59,0.70564481,1
1506264046,22162645,238.83,0.00047815,0
1506264046,22162644,238.83,0.12452185,0
1506264045,22162643,238.50,0.00000005,0
1506264045,22162640,238.50,1.21121800,0
1506264045,22162637,238.50,1.58878195,0
1506264044,22162634,238.49,0.02643105,0
1506264034,22162621,238.74,0.04226000,0
1506264034,22162620,238.71,0.08274000,0
1506264009,22162579,238.95,0.30816895,0
1506264009,22162578,238.53,0.12500000,0
1506264009,22162577,238.51,0.08274000,0
1506264005,22162571,238.04,2.71479737,1
1506264005,22162570,238.04,0.33460000,1
1506264005,22162569,238.05,9.25296025,1
1506263998,22162561,238.46,0.50935307,0
1506263998,22162559,238.28,0.00000082,0
1506263995,22162556,238.28,0.06872811,0
1506263995,22162555,238.25,1.02903559,0
1506263995,22162554,238.10,0.64944630,0
1506263993,22162553,238.17,0.16362133,1
1506263993,22162552,238.24,0.18693237,1
1506263987,22162548,238.25,2.72289900,0
1506263962,22162543,238.28,0.10000000,0
1506263961,22162542,238.28,0.27127107,0
1506263961,22162541,238.20,0.23807693,0
1506263961,22162540,238.20,0.12499500,0
1506263960,22162539,238.20,1.63692807,0
1506263941,22162526,238.28,3.02000000,0
1506263941,22162525,238.28,1.54000000,0
1506263932,22162511,238.20,2.20000000,1
1506263930,22162509,238.60,0.22250000,1
1506263930,22162508,238.63,0.08274000,1
1506263923,22162504,238.95,0.01726000,0
1506263923,22162503,238.92,0.08274000,0
1506263915,22162502,238.19,0.18739111,1
1506263914,22162501,238.20,0.39999954,1
1506263914,22162500,238.45,0.12500000,1
1506263913,22162498,238.60,0.08274000,0
1506263912,22162497,238.60,0.08274000,1
1506263902,22162495,238.56,2.88192811,0
1506263902,22162494,238.56,0.32453564,0
1506263902,22162493,238.69,0.07546436,1
1506263899,22162491,238.69,1.42130964,1
1506263899,22162490,238.74,0.48097121,1
1506263899,22162489,238.80,0.09771915,1
1506263883,22162482,239.00,0.10000000,0
1506263877,22162481,239.00,0.10000000,0
1506263874,22162480,239.23,0.16814693,0
1506263874,22162479,239.18,0.08274000,0
1506263856,22162470,239.00,1.17775251,0
1506263856,22162469,239.00,3.01171548,1
1506263840,22162464,239.43,0.01726000,1
1506263834,22162462,239.58,0.10000000,0
1506263828,22162460,239.58,0.10000000,0
1506263821,22162456,239.59,0.10000000,0
1506263815,22162455,239.59,0.10000000,0
1506263783,22162447,239.43,0.08274000,1
1506263685,22162429,239.59,0.39207433,0
1506263600,22162418,239.59,1.00000000,0
1506263564,22162409,239.51,0.33270000,0
1506263564,22162408,239.50,1.49578000,1
1506263564,22162407,239.50,1.58554101,1
1506263414,22162352,239.50,1.23283059,1
1506263413,22162351,239.51,0.33270000,0
1506263413,22162350,239.85,0.12500000,0
1506263413,22162349,239.87,0.19493638,1
1506263412,22162348,239.88,1.49462800,1
1506263412,22162347,239.98,2.20851737,1
1506263411,22162346,240.11,0.08274000,0
1506263410,22162345,240.11,0.08274000,1
1506263370,22162338,240.60,5.80000000,0
1506263369,22162337,240.60,3.79601762,1
1506263368,22162334,240.60,8.42360000,1
1506263328,22162305,240.35,0.08274000,0
1506263236,22162282,240.35,0.50000000,0
1506263210,22162278,240.35,0.91726000,0
1506263210,22162277,240.35,0.08274000,0
1506263155,22162247,240.04,1.66726000,1
1506263155,22162245,240.22,0.08274000,1
1506263100,22162229,240.42,0.01756169,0
1506263097,22162225,240.91,0.22124875,0
1506263097,22162223,240.90,4.48827125,0
1506263097,22162221,240.57,0.08274000,0
1506263097,22162220,240.45,0.08274000,0
1506263097,22162219,240.41,0.12500000,0
1506263049,22162200,240.00,0.20946803,1
1506263048,22162198,240.25,0.12500000,1
1506263048,22162197,240.49,0.08279197,1
1506263047,22162196,240.50,0.08274000,0
1506262968,22162169,240.76,0.01758203,0
1506262967,22162166,240.49,0.16720803,1
1506262967,22162164,240.50,0.08274000,1
1506262750,22162106,240.60,0.00000413,1
1506262749,22162105,240.49,0.07912000,1
1506262748,22162103,240.49,0.02087587,0
1506262728,22162092,240.48,0.01726000,0
1506262727,22162091,240.46,0.08274000,1
1506262692,22162047,240.04,3.53433017,1
1506262683,22162037,240.00,3.47999996,1
1506262658,22162011,239.93,1.05587120,1
1506262657,22162009,239.96,1.00000000,1
1506262656,22162008,239.99,0.02087587,0
1506262655,22162007,239.99,0.08274000,0
1506262654,22162005,240.42,0.12500000,1
1506262654,22162003,240.76,0.75317200,0
1506262651,22162000,240.78,1.37500000,1
1506262647,22161989,240.62,0.12500000,0
1506262629,22161975,240.79,0.80742555,0
1506262629,22161974,240.54,0.12500000,0
1506262628,22161973,240.36,0.08274000,0
1506262601,22161947,240.79,0.00591217,0
1506262601,22161946,240.78,1.00000000,0
1506262600,22161945,240.73,2.65800899,0
1506262600,22161944,240.42,0.12500000,0
1506262568,22161926,240.39,0.01760489,0
1506262548,22161919,240.41,0.01760613,0
1506262513,22161895,240.78,0.18140693,0
1506262473,22161874,239.99,0.50363967,1
1506262473,22161872,239.99,4.00000000,1
1506262472,22161870,240.00,1.00000000,1
1506262472,22161868,240.00,0.36370833,1
1506262472,22161867,240.02,0.12500000,1
1506262472,22161866,240.22,1.49415200,1
1506262466,22161864,240.23,0.18650000,1
1506262456,22161862,240.53,0.08274000,1
1506262450,22161858,240.89,4.79599883,0
1506262443,22161847,240.13,7.17879000,0
1506262443,22161846,240.13,1.49321000,1
1506262443,22161845,240.56,0.12500000,1
1506262443,22161844,240.91,0.08274000,1
1506262421,22161820,241.16,1.31532389,0
1506262407,22161784,241.12,0.08275495,0
1506262399,22161778,241.10,0.10000000,0
1506262386,22161751,240.50,0.08274000,1
1506262385,22161750,240.91,3.68068845,1
1506262385,22161749,240.91,0.08274000,1
1506262384,22161747,240.91,0.91000000,0
1506262384,22161746,240.72,0.33971934,0
1506262384,22161745,240.31,0.02089154,0
1506262384,22161744,240.00,1.61113189,0
1506262383,22161743,239.99,0.33000000,0
1506262383,22161742,239.99,1.65471712,0
1506262383,22161741,239.99,2.37014888,0
1506262382,22161737,239.99,0.51513400,0
1506262380,22161733,239.24,0.44025864,0
1506262380,22161732,239.24,0.14974136,1
1506262379,22161729,240.00,4.08062517,0
1506262379,22161728,239.99,0.16937483,0
1506262377,22161727,240.00,4.25000000,0
1506262376,22161724,239.24,0.30025864,1
1506262376,22161723,239.24,1.19974136,0
1506262376,22161722,239.24,2.00000000,0
1506262375,22161721,239.24,1.53951541,0
1506262375,22161720,239.24,1.24000623,0
1506262375,22161719,239.50,0.25000000,1
1506262374,22161718,239.80,0.25000000,1
1506262374,22161717,239.81,0.02089154,1
1506262374,22161716,239.81,1.23910223,1
1506262373,22161715,239.81,0.51004202,1
1506262372,22161713,240.00,1.50141600,0
1506262371,22161712,240.00,0.12500000,0
1506262371,22161711,240.00,4.99571800,0
1506262370,22161708,240.00,0.68874500,0
1506262370,22161707,239.81,0.11085575,1
1506262367,22161704,240.10,0.25000000,1
1506262367,22161703,240.30,0.25000000,1
1506262367,22161701,240.30,0.25000000,1
1506262366,22161700,240.40,8.65000000,1
1506262366,22161699,240.42,0.12500000,1
1506262366,22161698,240.58,0.47603573,1
1506262366,22161697,240.70,3.46969321,1
1506262366,22161696,240.83,5.96363500,1
1506262353,22161693,240.94,0.12500000,1
1506262344,22161683,240.97,0.12500000,1
1506262262,22161650,241.45,1.91492000,1
1506262262,22161649,241.51,0.12500000,1
1506262262,22161648,241.60,0.33000000,1
1506262253,22161623,241.85,3.46970148,1
1506262229,22161613,241.88,10.02525554,1
1506262229,22161611,241.88,3.46970100,1
1506262225,22161609,241.88,0.26700000,1
1506262177,22161596,241.97,0.01751136,0
1506262174,22161589,241.88,1.41154346,1
1506262174,22161588,241.88,1.68784463,1
1506262162,22161574,241.88,2.35468377,1
1506262162,22161573,241.98,3.96940252,1
1506262160,22161565,242.01,0.01751075,0
1506262159,22161563,241.98,0.78499748,1
1506262158,22161557,242.01,0.11322136,1
1506262158,22161555,242.01,10.34420300,1
1506262157,22161553,242.01,0.24737564,1
1506262157,22161551,242.01,10.70480000,1
1506262157,22161550,242.01,1.20868836,1
1506262157,22161549,242.01,0.78473424,1
1506262155,22161542,242.01,1.42936700,1
1506262154,22161536,242.02,4.75140375,1
1506262152,22161533,242.08,3.87090248,0
1506262151,22161531,242.01,1.70776668,1
1506262147,22161527,242.07,0.01751381,0
1506262144,22161515,242.01,5.57424372,1
1506262144,22161514,242.01,7.82575628,1
1506262142,22161511,242.01,2.87904372,1
1506262142,22161510,242.01,0.00002382,1
1506262141,22161506,242.01,8.07055114,1
1506262140,22161505,242.01,2.63422504,1
1506262139,22161503,242.01,2.12017611,1
1506262139,22161501,242.01,0.33001278,1
1506262138,22161498,242.02,0.37755020,1
1506262137,22161494,242.01,3.00000000,1
1506262137,22161492,242.01,5.25461111,1
1506262137,22161491,242.01,7.43123852,1
1506262137,22161489,242.02,0.00000914,1
1506262136,22161484,242.02,0.37772986,1
1506262134,22161480,242.01,3.27356148,1
1506262134,22161479,242.01,9.78360546,1
1506262133,22161477,242.08,0.08274000,0
1506262132,22161476,242.09,0.66819400,1
1506262131,22161474,242.01,0.92119454,1
1506262131,22161472,242.02,0.93547000,1
1506262131,22161471,242.05,10.70480000,1
1506262131,22161470,242.06,4.54920706,1
1506262128,22161469,242.06,1.10174447,1
1506262128,22161468,242.07,0.66819200,1
1506262128,22161467,242.07,0.08274000,1
1506262128,22161466,242.07,0.32940000,1
1506262125,22161461,242.06,3.76924847,1
1506262125,22161460,242.06,2.18316753,1
1506262124,22161456,242.06,5.95241600,0
1506262124,22161455,242.00,1.28461647,0
1506262123,22161454,242.00,4.66584479,0
1506262123,22161453,241.98,3.46969321,0
1506262123,22161452,241.97,1.28466200,0
1506262122,22161449,241.88,3.77513260,1
1506262112,22161431,241.88,5.00000000,1
1506262110,22161429,241.88,2.27309900,1
1506262110,22161428,241.89,0.72690100,1
1506262107,22161418,241.89,0.38000000,1
1506262106,22161415,241.99,2.31096326,0
1506262103,22161411,241.88,0.08274000,1
1506262102,22161410,241.85,1.11134546,1
1506262102,22161408,241.80,3.39114086,0
1506262102,22161406,241.80,7.11857220,0
1506262101,22161405,241.77,0.08274000,0
1506262088,22161380,241.77,0.40673383,1
1506262082,22161372,241.78,0.06124553,1
1506262082,22161371,241.80,3.39283646,1
1506262082,22161370,241.83,0.12421801,1
1506262082,22161369,241.83,0.24744800,1
1506262081,22161368,242.00,1.06967736,0
1506262081,22161367,241.94,0.33000000,0
1506262081,22161364,241.83,0.18800599,1
1506262080,22161363,241.83,0.84308600,1
1506262078,22161355,241.80,0.49646354,1
1506262078,22161353,241.80,3.88930000,1
1506262077,22161352,241.82,1.56972546,1
1506262077,22161351,241.82,0.30083287,1
1506262077,22161348,241.82,0.08274000,1
1506262077,22161347,241.82,0.12493753,1
1506262076,22161343,241.82,0.84087809,1
1506262075,22161338,241.82,0.66057425,1
1506262074,22161336,241.82,0.66002780,1
1506262074,22161335,241.81,5.95528400,0
1506262073,22161334,241.77,0.12493753,1
1506262072,22161333,241.80,0.22535389,1
1506262072,22161331,241.80,0.33010000,0
1506262072,22161330,241.79,0.16903372,0
1506262072,22161329,241.78,0.08274000,0
1506262072,22161328,241.37,0.04223753,0
1506262072,22161326,241.35,0.12500514,0
1506262072,22161325,241.33,0.26109473,0
1506262071,22161323,241.10,3.00413499,0
1506262071,22161322,241.33,0.13610370,1
1506262071,22161321,241.33,0.12500000,1
1506262070,22161316,241.35,0.08270000,0
1506262069,22161315,241.35,0.12500000,1
1506262069,22161313,241.37,0.08270000,0
1506262068,22161309,241.77,0.01957199,0
1506262066,22161303,241.37,0.12500000,1
1506262049,22161295,241.87,0.02350474,0
1506262010,22161261,240.67,2.62200794,1
1506262009,22161260,240.80,0.25000000,1
1506262009,22161259,240.80,0.25000000,1
1506262009,22161258,240.87,0.12041666,1
1506262009,22161257,241.10,0.25000000,1
1506262009,22161256,241.50,1.48813300,1
1506262009,22161255,241.52,0.33010000,1
1506262009,22161254,241.69,0.12500000,1
1506262009,22161253,241.69,0.12500000,1
1506262009,22161252,241.74,0.33000000,1
1506262008,22161251,241.78,0.12500000,1
1506261964,22161231,242.10,0.00004685,0
1506261964,22161230,242.10,9.10750000,0
1506261924,22161208,241.71,0.00004353,0
1506261924,22161207,241.71,0.98540000,0
1506261813,22161163,242.14,0.24257196,1
1506261813,22161162,242.14,0.52650000,1
1506261811,22161161,242.15,1.54062900,1
1506261785,22161158,242.14,2.96400000,1
1506261784,22161157,242.09,0.00003306,0
1506261783,22161156,242.09,0.99996694,0
1506261783,22161155,242.09,2.49053306,0
1506261773,22161149,242.00,11.44420419,0
1506261772,22161148,241.98,0.42737254,0
1506261747,22161134,241.89,0.92574039,1
1506261747,22161132,241.89,1.27500000,1
1506261747,22161130,241.90,1.72422500,1
1506261743,22161123,241.89,0.12500000,1
1506261742,22161122,242.00,1.13865934,0
1506261737,22161118,242.00,5.38954545,0
1506261735,22161117,241.99,4.90000000,0
1506261733,22161116,241.50,1.40000000,0
1506261666,22161097,241.94,5.60336002,1
1506261663,22161096,241.93,2.64678517,1
1506261663,22161095,241.94,6.49395042,1
1506261662,22161094,241.17,10.39394958,0
1506261662,22161093,241.39,0.04829392,1
1506261662,22161092,241.50,0.25000000,1
1506261661,22161091,241.57,0.19520678,1
1506261661,22161090,241.65,3.46969321,1
1506261661,22161089,241.66,2.07301500,1
1506261660,22161088,241.80,0.25000000,1
1506261660,22161087,241.85,0.12500000,1
1506261659,22161086,241.87,0.08274000,0
1506261658,22161085,241.87,1.48778000,1
1506261642,22161080,241.95,4.89726000,0
1506261640,22161079,242.17,0.08274000,1
1506261625,22161077,242.09,0.01953670,0
1506261624,22161076,242.09,1.48758400,1
1506261513,22161028,242.49,0.18099715,0
1506261419,22160979,242.28,0.24987506,0
1506261419,22160978,242.20,0.10702142,0
1506261416,22160977,242.20,0.39297858,0
1506261416,22160976,242.20,0.10487242,0
1506261416,22160974,242.20,0.39298400,0
1506261416,22160973,242.18,0.08274000,0
1506261400,22160966,242.20,0.25000000,1
1506261373,22160962,242.24,0.03517990,0
1506261344,22160947,242.26,0.09624891,1
1506261289,22160907,242.27,0.30462367,1
1506261289,22160906,242.27,0.92743633,1
1506261289,22160904,242.28,0.25000000,1
1506261288,22160902,242.30,0.04238328,0
1506261287,22160899,242.30,0.21894507,0
1506261287,22160897,242.29,0.13588166,0
1506261283,22160892,242.29,0.26009083,1
1506261282,22160890,242.30,1.01092000,0
1506261282,22160888,242.29,0.14329300,1
1506261281,22160887,242.29,1.00000000,1
1506261279,22160878,242.30,0.98310900,1
1506261279,22160877,242.30,0.25000000,1
1506261279,22160876,242.31,2.54888366,1
1506261279,22160875,242.61,0.55667382,1
1506261278,22160861,242.66,0.05077051,0
1506261277,22160856,242.40,0.45424618,0
1506261275,22160849,242.40,4.44883770,0
1506261273,22160833,242.40,0.93702856,0
1506261251,22160792,242.40,6.03263987,0
1506261247,22160789,242.39,0.84884849,0
1506261245,22160787,242.40,1.48741000,1
1506261245,22160786,242.40,40.68868769,1
1506261225,22160762,242.40,0.23272900,1
1506261175,22160757,242.41,0.06126157,0
1506261151,22160750,242.47,5.94847600,1
1506261151,22160749,242.48,0.32830100,1
1506261148,22160747,242.67,0.07351092,0
1506261097,22160669,242.40,0.12029335,1
1506261086,22160650,242.40,0.19999996,1
1506261072,22160638,242.40,2.89979000,1
1506261068,22160635,242.41,0.10000000,1
1506261018,22160623,242.66,0.40294068,1
1506260996,22160616,242.34,0.79000000,0
1506260996,22160615,242.34,3.95000000,0
1506260996,22160614,242.34,0.32850000,0
1506260996,22160613,242.33,0.79000000,0
1506260937,22160580,242.58,4.15541265,1
1506260937,22160579,242.62,2.82429400,1
1506260930,22160578,242.62,1.81015471,1
1506260923,22160575,242.61,1.77414812,1
1506260912,22160553,242.68,5.94615000,1
1506260857,22160539,242.80,1.55077469,0
1506260806,22160532,242.56,0.10004599,1
1506260805,22160531,242.70,0.00001169,1
1506260802,22160522,242.70,4.24998831,1
1506260802,22160521,242.70,0.23566357,1
1506260799,22160514,242.75,0.24552008,1
1506260777,22160506,242.82,0.01073636,1
1506260777,22160502,242.95,6.01271761,1
1506260775,22160500,242.98,4.25000000,1
1506260765,22160487,242.96,2.51036171,1
1506260765,22160486,242.96,0.08274000,1
1506260705,22160470,243.22,0.55727325,0
1506260705,22160469,243.10,0.10000000,0
1506260703,22160466,243.08,0.24520400,0
1506260608,22160434,243.01,2.00000000,0
1506260607,22160433,243.00,0.08274000,0
1506260538,22160410,242.99,0.29856800,1
1506260537,22160409,242.99,1.06130000,1
1506260537,22160408,242.99,1.06130000,1
1506260537,22160407,242.99,0.21732900,1
1506260537,22160406,243.00,0.08250300,1
1506260537,22160405,243.00,0.84400000,1
1506260537,22160404,243.00,0.84400000,1
1506260537,22160403,243.00,0.84400000,1
1506260537,22160402,243.00,0.84400000,1
1506260533,22160399,242.98,0.84397100,0
1506260532,22160398,242.97,0.00001970,1
1506260530,22160397,242.97,0.21728030,0
1506260464,22160388,242.86,2.00000000,0
1506260445,22160382,242.86,2.04601000,1
1506260444,22160381,242.86,2.04601000,1
1506260443,22160380,242.86,2.04601000,1
1506260442,22160379,242.86,2.04601000,1
1506260441,22160378,242.86,0.00051571,1
1506260441,22160377,242.86,0.00002829,1
1506260440,22160376,242.87,0.32850000,1
1506260440,22160374,242.87,0.44880100,1
1506260417,22160372,242.97,0.78271970,0
1506260417,22160371,242.96,0.08274000,0
1506260402,22160360,242.85,14.24637171,0
1506260348,22160348,242.68,0.84397100,1
1506260348,22160346,242.71,0.08274000,1
1506260348,22160345,242.72,0.08274000,1
1506260307,22160340,242.68,0.24520400,1
1506260290,22160296,242.94,6.00000000,0
1506260290,22160295,242.93,1.00000000,0
1506260259,22160278,242.94,2.53207481,0
1506260259,22160277,242.93,0.79284800,0
1506260235,22160271,242.82,1.49183175,1
1506260235,22160270,242.82,0.45207500,1
1506260168,22160239,242.79,0.68060900,1
1506260168,22160237,242.80,0.34378100,1
1506260165,22160231,242.80,0.26733800,1
1506260164,22160230,242.82,0.61154700,1
1506260154,22160211,242.81,1.02349000,1
1506260149,22160204,242.74,0.48000000,0
1506260149,22160203,242.73,9.00000000,0
1506260147,22160202,242.73,1.00000000,0
1506260140,22160199,242.72,0.88105636,0
1506260134,22160195,242.72,0.11894364,0
1506260057,22160153,242.38,0.00140000,1
1506260057,22160152,242.60,2.00000000,1
1506260025,22160119,242.32,0.35548600,1
1506260024,22160117,242.60,2.46776587,0
1506260023,22160116,242.32,0.43736200,1
1506260023,22160115,242.39,0.62304800,1
1506260023,22160113,242.60,1.41558120,0
1506260021,22160110,242.59,0.64029000,0
1506260017,22160104,242.59,0.35971000,0
1506260017,22160103,242.57,0.08274000,0
1506259918,22160000,242.27,0.79433189,0
1506259918,22159999,242.31,2.88192811,1
1506259917,22159998,242.33,0.08274000,1
1506259917,22159997,242.50,0.25000000,1
1506259868,22159988,242.60,3.50107996,0
1506259868,22159987,242.56,0.73000000,0
1506259823,22159978,242.10,6.40349900,1
1506259823,22159977,242.11,0.63050100,1
1506259617,22159895,242.16,0.00008000,1
1506259617,22159894,242.16,0.08266000,1
1506259616,22159893,242.15,0.00004000,0
1506259616,22159892,242.15,0.08270000,0
1506259581,22159887,241.76,1.34982726,0
1506259580,22159886,241.85,0.08274000,0
1506259579,22159885,241.85,0.66178900,1
1506259485,22159865,241.74,3.37500000,1
1506259485,22159864,242.13,0.12500000,1
1506259468,22159863,242.28,0.41651810,1
1506259468,22159862,242.28,1.00000000,1
1506259468,22159861,242.28,1.00000000,1
1506259468,22159860,242.29,0.72847800,1
1506259456,22159857,242.23,1.00000000,0
1506259445,22159856,242.18,1.00000000,0
1506259440,22159855,242.16,0.00004000,0
1506259439,22159854,242.16,0.08270000,0
1506259269,22159782,242.61,2.00000000,0
1506259222,22159771,242.12,0.32500000,0
1506259221,22159770,242.12,0.12500000,1
1506259213,22159765,242.84,0.06818008,0
1506259160,22159730,242.04,1.87938191,0
1506259160,22159726,242.04,0.08274000,1
1506259155,22159716,242.01,0.73112233,1
1506259155,22159714,242.41,0.12500000,1
1506259155,22159713,242.43,0.08274000,1
1506259146,22159710,242.98,0.80047068,1
1506259144,22159709,242.98,0.26371411,1
1506259106,22159684,242.98,0.07109000,1
1506259105,22159683,243.03,1.81015471,0
1506259095,22159677,242.98,2.08543909,1
1506259094,22159675,242.98,0.13012300,1
1506259094,22159674,242.98,0.04757618,1
1506259093,22159672,243.07,1.01016168,1
1506259093,22159670,243.00,1.04714000,0
1506259090,22159663,242.98,0.04757618,1
1506259090,22159660,242.98,0.07956910,1
1506259088,22159658,242.98,0.17470574,1
1506259087,22159657,242.98,2.24688000,1
1506259086,22159653,242.82,0.12500000,0
1506259085,22159652,242.71,0.34104111,0
1506259085,22159651,242.54,1.48827700,0
1506259085,22159650,242.53,1.32000000,0
1506259085,22159649,242.37,0.47853781,0
1506259049,22159613,242.30,1.12053817,1
1506259032,22159607,242.31,1.31258470,1
1506259023,22159597,242.19,0.12500000,0
1506259023,22159596,242.15,1.48953400,0
1506259023,22159595,242.11,0.40992393,0
1506259011,22159587,242.11,0.44059220,0
1506259011,22159586,242.05,2.42312600,0
1506259011,22159585,242.00,0.98996201,0
1506259010,22159584,241.99,6.17000000,1
1506259010,22159583,241.97,0.12500000,0
1506259008,22159581,241.62,0.08269861,0
1506258986,22159576,241.51,0.03000000,0
1506258941,22159541,241.25,0.96056599,0
1506258937,22159539,241.25,0.17483400,0
1506258904,22159527,241.25,0.04156362,0
1506258798,22159454,240.85,0.03234915,0
1506258793,22159453,240.84,0.07170068,0
1506258675,22159412,240.73,3.23019930,1
1506258675,22159411,240.74,0.12500000,1
1506258668,22159406,240.73,0.79226000,1
1506258668,22159403,240.79,0.12500000,1
1506258667,22159401,240.84,0.08274000,0
1506258623,22159350,241.00,1.37533960,1
1506258615,22159346,241.00,2.11072700,1
1506258615,22159345,241.04,3.20000000,1
1506258599,22159333,241.00,1.11484265,1
1506258591,22159323,241.00,0.22127000,1
1506258582,22159311,241.00,0.31205866,1
1506258552,22159268,241.12,0.98544353,0
1506258547,22159259,241.00,0.69514101,1
1506258547,22159257,241.00,0.13496571,1
1506258547,22159255,241.04,3.28028068,1
1506258546,22159254,241.04,1.71971932,1
1506258545,22159251,241.00,1.43682146,1
1506258527,22159244,241.00,1.42303639,1
1506258527,22159243,241.01,1.17696361,1
1506258522,22159241,241.00,4.69514732,1
1506258522,22159240,241.00,0.54377180,1
1506258522,22159239,241.00,4.90853166,1
1506258511,22159234,241.00,1.00000000,1
1506258510,22159233,241.00,1.30762542,1
1506258510,22159232,241.00,0.55647473,1
1506258510,22159231,241.00,0.59670200,1
1506258505,22159227,241.02,4.25000000,1
1506258505,22159226,241.00,17.45952287,1
1506258503,22159225,241.00,1.81383000,1
1506258502,22159222,241.00,0.06234000,1
1506258499,22159221,240.87,0.22624997,0
1506258477,22159205,240.80,0.99750200,1
1506258475,22159197,240.80,0.41171097,1
1506258473,22159195,240.78,0.47149359,0
1506258458,22159174,240.78,0.51846842,0
1506258458,22159173,240.44,0.48153158,0
1506258457,22159172,240.42,4.25000000,0
1506258414,22159129,240.43,0.82945285,0
1506258392,22159082,240.34,3.35519930,1
1506258362,22159036,240.00,0.42255000,0
1506258362,22159035,239.92,0.12500000,0
1506258362,22159034,239.78,2.50000000,0
1506258349,22159000,239.57,0.61111436,0
1506258339,22158981,239.57,0.37884765,0
1506258337,22158974,239.51,0.03000000,0
1506258335,22158967,239.50,5.11105482,0
1506258334,22158961,239.50,1.52921500,0
1506258322,22158933,239.50,0.23369000,0
1506258308,22158909,239.50,0.26513000,0
1506258307,22158905,239.50,0.39929018,0
1506258295,22158892,239.50,0.46872100,0
1506258294,22158891,239.50,1.99289900,0
1506258238,22158835,239.50,4.09849686,0
1506258238,22158834,239.31,0.17559548,0
1506258237,22158833,239.25,1.92112956,0
1506258236,22158832,239.24,1.48000000,0
1506258152,22158790,239.25,2.16127084,0
1506258124,22158775,239.25,0.91759960,0
1506258123,22158774,239.00,0.25000000,0
1506258123,22158773,238.95,0.12500000,0
1506258123,22158772,238.81,0.08274000,0
1506258120,22158767,238.83,0.89598679,0
1506258118,22158764,238.83,1.02274547,0
1506258118,22158763,238.80,0.25000000,0
1506258118,22158762,238.70,0.22717070,0
1506258118,22158761,238.60,0.00008383,0
1506258104,22158749,238.60,0.24991617,0
1506258103,22158747,238.60,0.16726000,0
1506258103,22158746,238.60,0.08274000,0
1506258082,22158724,238.50,0.25000000,0
1506258071,22158700,238.47,0.48511751,0
1506258055,22158690,238.45,1.00000000,0
1506258050,22158689,238.43,1.18967689,0
1506257995,22158656,238.42,1.84569559,1
1506257979,22158637,238.40,0.25000000,0
1506257979,22158636,238.40,0.43000000,0
1506257979,22158635,238.37,0.98996201,0
1506257936,22158611,238.35,0.10409816,0
1506257928,22158601,238.35,5.00000000,0
1506257906,22158565,238.35,0.02089364,0
1506257824,22158503,238.20,0.00000046,0
1506257797,22158490,238.20,3.15301500,0
1506257682,22158443,238.20,0.20936188,0
1506257667,22158442,238.20,0.02300109,0
1506257590,22158388,238.04,0.72800000,0
1506257589,22158387,238.04,4.25000000,1
1506257589,22158386,238.14,0.02200000,1
1506257362,22158312,238.00,6.23338420,1
1506257362,22158311,238.02,0.05770824,1
1506257345,22158303,238.02,0.02503176,1
1506257320,22158290,238.35,1.00000000,0
1506257301,22158285,238.36,1.84569559,0
1506257291,22158277,238.35,1.00356916,0
1506257176,22158191,238.30,0.25000000,0
1506257176,22158190,238.30,0.25000000,0
1506257176,22158189,238.29,10.00000000,0
1506257173,22158188,238.27,0.00001467,0
1506257173,22158187,238.27,0.26490000,0
1506257115,22158165,238.20,0.17598090,1
1506257115,22158164,238.22,0.11150000,1
1506257115,22158163,238.22,0.11150000,1
1506257115,22158162,238.22,0.11150000,1
1506257115,22158161,238.22,0.11150000,1
1506257114,22158160,238.22,0.11150000,1
1506257114,22158158,238.23,0.11150000,1
1506257114,22158157,238.23,0.11150000,1
1506257114,22158156,238.23,0.11150000,1
1506257114,22158155,238.23,0.11150000,1
1506257113,22158154,238.24,0.11150000,1
1506257113,22158153,238.24,0.11150000,1
1506257113,22158152,238.24,0.11150000,1
1506257113,22158151,238.24,0.11150000,1
1506257113,22158150,238.24,0.11150000,1
1506257113,22158149,238.24,0.11150000,1
1506257112,22158148,238.24,0.00000649,1
1506257060,22158090,238.22,0.11149351,0
1506257054,22158084,238.19,0.00004600,0
1506257052,22158083,238.19,5.99850000,0
1506256962,22158036,238.10,0.25000000,0
1506256895,22158031,238.03,1.11375000,1
1506256895,22158030,238.03,2.78930000,1
1506256893,22158029,238.01,1.15316926,1
1506256893,22158028,238.01,2.78930000,1
1506256893,22158027,238.01,2.78929658,1
1506256892,22158026,238.00,0.00000342,0
1506256892,22158025,238.00,2.78930000,0
1506256864,22158017,238.00,1.84848739,0
1506256102,22157715,237.70,0.00004000,0
1506256101,22157714,237.70,0.08270000,0
1506255981,22157678,237.80,1.17439055,1
1506255981,22157677,237.82,0.08274000,1
1506255848,22157608,238.00,0.07985016,1
1506255848,22157607,238.00,0.43019186,0
1506255800,22157582,238.00,0.07000000,0
1506255777,22157578,237.70,0.31665533,1
1506255777,22157577,237.99,4.68334467,1
1506255777,22157576,237.89,0.21000000,0
1506255777,22157575,237.89,0.71000000,0
1506255776,22157574,237.89,3.33000000,0
1506255762,22157564,237.70,0.21000000,1
1506255761,22157563,237.71,4.04000000,1
1506255761,22157562,238.00,5.49748214,0
1506255761,22157561,238.00,0.25000000,0
1506255761,22157560,237.90,0.21000000,0
1506255761,22157559,237.90,4.04251786,0
1506255744,22157558,237.90,0.20748214,0
1506255744,22157557,237.90,0.25000000,0
1506255744,22157556,237.90,0.25000000,0
1506255700,22157536,237.64,0.15732402,0
1506255674,22157530,237.65,0.20563854,0
1506255671,22157528,237.48,1.88120000,0
1506255671,22157527,237.48,5.62210000,0
1506255668,22157526,237.48,1.49670000,1
1506255630,22157500,237.48,0.29000000,1
1506255628,22157499,237.14,0.28727289,0
1506255628,22157498,237.14,1.49940900,1
1506255626,22157496,237.46,0.06827447,1
1506255617,22157484,237.45,0.00002553,0
1506255616,22157483,237.45,0.06830000,0
1506255521,22157445,237.17,3.04985374,0
1506255387,22157388,237.17,0.13458200,0
1506255354,22157375,237.17,0.43091453,0
1506255328,22157366,237.17,0.84116878,0
1506255266,22157348,237.17,1.85495636,0
1506254941,22157188,237.17,2.68435600,1
1506254882,22157179,237.71,1.21914049,0
1506254882,22157177,237.49,0.46000000,0
1506254881,22157175,237.46,3.38000000,1
1506254881,22157174,237.46,0.63785488,0
1506254879,22157172,237.45,4.32000000,0
1506254717,22157151,237.48,0.74780805,0
1506254717,22157150,237.48,0.25345195,0
1506254496,22157099,237.00,1.20655433,0
1506254496,22157098,237.00,2.27290000,0
1506254496,22157097,237.00,2.00808772,0
1506254496,22157096,236.98,0.26491228,0
1506254436,22157077,237.00,3.38537843,0
1506254427,22157073,237.00,1.00000000,0
1506254272,22157010,236.87,0.98948247,1
1506254219,22157002,236.83,0.12500000,0
1506254218,22157001,236.70,6.64166000,0
1506254217,22157000,236.70,10.27560000,0
1506254187,22156997,236.50,3.86673939,0
1506254149,22156991,236.50,3.18402400,0
1506254120,22156987,236.50,2.92662026,0
1506254114,22156986,236.50,5.31377256,0
1506254114,22156985,236.44,0.08274000,0
1506254098,22156969,236.50,6.01154500,0
1506254098,22156968,236.49,0.08274000,0
1506254073,22156963,236.50,7.15965000,0
1506253933,22156943,236.01,4.32185630,1
1506253933,22156942,236.01,5.29000000,1
1506253933,22156941,236.18,0.03710370,1
1506253932,22156940,236.20,0.25000000,1
1506253932,22156939,236.40,0.25000000,1
1506253932,22156938,236.60,0.25000000,1
1506253932,22156937,236.61,2.89330000,1
1506253932,22156936,236.77,0.12500000,1
1506253932,22156935,236.95,0.08274000,1
1506253723,22156869,236.79,0.12866785,1
1506253722,22156868,236.80,0.25000000,1
1506253722,22156867,236.98,0.12500000,1
1506253722,22156866,237.00,0.25000000,1
1506253720,22156865,237.03,0.08274000,1
1506253712,22156821,237.40,1.79119406,0
1506253689,22156813,237.40,0.16726000,0
1506253688,22156812,237.37,0.08274000,0
1506253634,22156801,237.44,1.49927300,1
1506253470,22156757,237.56,0.08274000,1
1506253235,22156713,237.83,0.12500000,1
1506253235,22156712,237.83,0.86353700,1
1506253231,22156709,237.80,0.25000000,0
1506253231,22156708,237.77,0.12500000,0
1506253231,22156707,237.76,2.44624314,0
1506253231,22156706,237.70,0.25000000,0
1506253231,22156705,237.70,0.25000000,0
1506253231,22156704,237.50,0.20463365,0
1506253230,22156703,237.50,3.95990000,0
1506253211,22156691,237.50,0.61801217,0
1506253020,22156595,237.50,4.25000000,0
1506253019,22156592,237.50,4.25000000,0
1506253018,22156590,237.50,4.25000000,0
1506252998,22156582,237.50,2.46745418,0
1506252998,22156581,237.50,0.19604582,0
1506252998,22156580,237.49,0.33650000,0
1506252957,22156536,237.40,0.08274000,1
1506252957,22156535,237.40,3.23237805,0
1506252957,22156534,237.39,0.08274000,0
1506252937,22156532,236.87,0.08726000,0
1506252936,22156531,236.87,0.08274000,1
1506252898,22156523,237.40,0.14517691,0
1506252898,22156522,237.40,0.03127633,1
1506252898,22156521,237.40,0.09372367,1
1506252896,22156520,237.35,0.08274000,0
1506252846,22156500,236.70,4.95067799,0
1506252846,22156499,236.70,2.02881300,0
1506252845,22156497,236.70,0.12500000,0
1506252844,22156496,236.90,0.02501205,1
1506252844,22156495,237.04,0.33650000,1
1506252844,22156494,237.10,0.13486700,1
1506252844,22156493,237.10,0.08274000,1
1506252844,22156492,237.11,0.08274000,1
1506252820,22156488,237.50,0.99663158,0
1506252818,22156486,237.50,1.01114961,0
1506252809,22156485,237.50,1.00345844,0
1506252808,22156484,237.50,0.25000000,0
1506252808,22156483,237.31,0.08269861,0
1506252808,22156482,237.30,0.00125602,0
1506252772,22156461,237.30,0.24874398,0
1506252772,22156459,237.21,0.64381596,0
1506252772,22156457,237.14,0.13487738,0
1506252771,22156456,237.10,0.11512800,0
1506252771,22156455,237.10,0.13487200,0
1506252698,22156412,236.90,0.25000000,0
1506252698,22156411,236.88,12.01012935,0
1506252666,22156395,236.88,0.87787065,0
1506252230,22156173,236.75,1.04226800,0
1506252220,22156165,236.75,0.81000000,0
1506252220,22156164,236.74,9.19000000,0
1506252203,22156155,236.75,13.50000000,0
1506252197,22156153,236.75,2.89481100,0
1506252140,22156111,236.75,1.31319800,0
1506252115,22156092,236.74,0.63680178,1
1506252081,22156082,236.73,1.05339416,0
1506252000,22156027,236.75,1.57706913,0
1506252000,22156025,236.74,2.59000000,0
1506252000,22156024,236.72,5.83293087,0
1506251980,22156002,236.75,0.41091836,0
1506251980,22156001,236.74,2.08408164,0
1506251980,22156000,236.63,0.12500000,0
1506251978,22155999,236.74,0.99591836,0
1506251978,22155998,236.74,0.14065464,0
1506251978,22155997,236.70,0.25000000,0
1506251978,22155993,236.65,3.00000000,0
1506251977,22155992,236.63,0.12500000,0
1506251960,22155968,236.45,1.38566293,0
1506251959,22155967,236.45,3.37755496,0
1506251942,22155933,236.50,3.33835773,1
1506251942,22155932,236.50,0.13458096,0
1506251814,22155798,236.50,0.09249389,0
1506251814,22155797,236.33,0.38449110,0
1506251814,22155796,236.03,0.12500000,0
1506251804,22155787,236.19,2.10979309,0
1506251804,22155786,236.17,0.56837256,0
1506251802,22155785,236.00,0.12500000,0
1506251802,22155784,235.92,0.06194212,0
1506251492,22155714,235.70,1.05576164,0
1506251466,22155702,235.71,0.34499000,0
1506251466,22155701,235.61,0.12500500,0
1506251465,22155700,235.60,0.12499500,1
1506251465,22155699,235.61,0.19527700,0
1506251465,22155698,235.60,0.12500000,0
1506251449,22155691,235.17,9.82100000,1
1506251363,22155657,235.52,0.08274000,1
1506251362,22155656,235.43,0.08274000,0
1506251254,22155640,235.26,0.28171074,0
1506251253,22155639,235.26,0.22316663,0
1506251206,22155629,235.26,0.67519527,0
1506251051,22155580,235.26,1.42000000,0
1506251050,22155578,235.26,0.38453400,0
1506251050,22155575,235.26,5.00000000,0
1506251015,22155543,235.26,2.37591537,0
1506250904,22155513,235.13,0.27802200,1
1506250904,22155512,235.21,0.12500000,1
1506250894,22155511,235.33,0.32028200,1
1506250894,22155510,235.38,0.08274000,1
1506250887,22155509,235.13,1.09753418,1
1506250886,22155508,235.20,0.19604582,1
1506250886,22155507,235.25,0.12500000,1
1506250886,22155506,235.34,0.08274000,1
1506250829,22155482,235.91,0.14013300,0
1506250815,22155475,235.92,0.06306000,0
1506250814,22155473,235.90,0.33820000,0
1506250780,22155456,235.69,0.11999242,0
1506250780,22155455,235.69,4.12152900,0
1506250779,22155454,235.65,0.08274000,0
1506250768,22155438,235.69,0.12847100,0
1506250768,22155437,235.66,0.08274000,0
1506250679,22155380,235.23,1.21935800,1
1506250679,22155379,235.79,0.12500000,1
1506250672,22155376,235.42,0.12500212,1
1506250672,22155375,235.97,0.08274000,1
1506250670,22155374,235.41,1.27492619,1
1506250670,22155373,235.42,5.74682784,1
1506250670,22155372,235.79,0.23428000,1
1506250670,22155371,235.83,0.12500000,1
1506250670,22155370,235.96,1.77146697,1
1506250639,22155336,236.17,1.71723100,1
1506250639,22155335,236.18,0.08274000,1
1506250629,22155309,236.12,1.38755155,1
1506250619,22155303,236.05,3.80000500,1
1506250619,22155302,236.07,0.44999500,1
1506250530,22155241,236.49,0.65284960,0
1506250518,22155234,236.24,0.12000000,1
1506250516,22155233,236.25,0.12500000,1
1506250514,22155231,236.08,0.08274000,0
1506250514,22155230,236.08,0.32500000,0
1506250514,22155229,236.08,0.12500000,0
1506250509,22155227,236.09,6.42336600,0
1506250503,22155223,235.84,0.99587993,1
1506250379,22155186,235.72,0.76846970,1
1506250379,22155185,235.72,0.08274000,1
1506250378,22155184,235.76,0.33820000,1
1506250370,22155181,236.39,0.01837518,0
1506250370,22155180,236.34,0.48986310,0
1506250341,22155168,235.89,0.20082223,1
1506250323,22155161,236.32,1.27766188,0
1506250323,22155160,236.10,0.12500000,0
1506250323,22155159,236.00,0.04221254,0
1506250263,22155146,236.00,0.08263672,0
1506250263,22155145,235.80,0.00000560,0
1506250210,22155129,235.80,0.23428500,0
1506250147,22155120,235.80,1.76570940,0
1506250147,22155119,235.79,0.23428560,0
1506250092,22155109,235.79,0.10471440,0
1506250047,22155104,235.28,3.81782169,0
1506250046,22155103,235.34,0.12500000,1
1506250046,22155102,235.40,0.25000000,1
1506250046,22155101,235.41,0.33900000,1
1506250046,22155100,235.41,4.25000000,1
1506250046,22155099,235.51,0.08274000,1
1506250046,22155098,235.60,0.25000000,1
1506250015,22155091,235.80,0.78570822,0
1506250012,22155088,235.80,0.06417944,0
1506250009,22155085,235.80,2.00000000,0
1506250002,22155070,235.80,0.25000000,0
1506250002,22155068,235.80,0.06460730,0
1506249999,22155067,235.80,0.07779689,0
1506249984,22155054,235.79,0.25000000,0
1506249856,22155008,235.99,1.55383702,0
1506249725,22154972,235.97,0.88062838,1
1506249725,22154971,235.97,0.53911576,1
1506249724,22154970,235.96,0.08274000,0
1506249718,22154961,234.52,5.55887638,0
1506249717,22154957,235.87,0.12500000,1
1506249713,22154956,234.43,1.26490787,0
1506249713,22154954,234.43,1.25811645,0
1506249713,22154948,234.45,0.49213185,1
1506249712,22154945,234.50,0.25000000,1
1506249712,22154944,234.50,0.98378568,0
1506249711,22154943,234.70,0.25000000,1
1506249711,22154942,234.90,0.25000000,1
1506249711,22154941,234.95,0.07438747,1
1506249711,22154940,234.95,0.12484926,0
1506249710,22154939,235.00,1.84342133,1
1506249710,22154938,235.10,0.25000000,1
1506249709,22154937,235.11,6.86000000,0
1506249709,22154936,235.30,0.25000000,1
1506249708,22154935,235.36,3.46969321,0
1506249708,22154934,235.50,0.25000000,1
1506249708,22154933,235.70,0.25000000,1
1506249707,22154932,235.86,1.49987100,1
1506249707,22154931,235.90,0.25000000,1
1506249706,22154930,236.09,0.12500000,1
1506249706,22154929,236.10,0.25000000,1
1506249704,22154928,236.30,0.25000000,1
1506249685,22154919,236.50,0.00001771,1
1506249684,22154914,236.50,0.22717070,1
1506249675,22154908,236.31,0.10744142,1
1506249673,22154905,236.32,0.08269864,0
1506249673,22154902,236.31,7.35127779,0
1506249672,22154896,236.32,0.08274000,1
1506249493,22154827,236.67,0.11719686,0
1506249492,22154826,236.55,0.12500000,0
1506249492,22154825,236.32,0.08642443,0
1506249490,22154824,236.31,0.08274000,0
1506249473,22154822,235.15,0.27278206,0
1506249473,22154821,235.69,4.25000000,1
1506249472,22154820,235.83,0.03710370,1
1506249472,22154819,235.88,1.49981800,1
1506249472,22154818,235.97,3.46969321,1
1506249471,22154817,236.23,0.12500000,1
1506249471,22154816,236.25,0.08274000,1
1506249471,22154815,236.33,0.08274000,1
1506249469,22154814,236.34,0.18012303,1
1506249292,22154790,236.75,1.84342133,0
1506249290,22154789,236.74,2.37000000,0
1506249089,22154739,236.54,0.56743400,1
1506249033,22154713,236.74,0.25175382,1
1506249020,22154694,236.74,2.87000000,1
1506249016,22154689,236.74,3.40000000,0
1506248997,22154676,236.54,0.30000000,1
1506248985,22154664,236.55,1.84871988,0
1506248972,22154658,236.55,1.00000000,0
1506248956,22154650,236.54,2.92000000,0
1506248949,22154649,236.55,0.21082223,0
1506248947,22154647,236.54,1.00000000,0
1506248889,22154612,236.55,0.95961000,0
1506248884,22154611,236.54,0.98493600,0
1506248871,22154606,236.55,4.23023418,0
1506248871,22154605,236.50,0.18012303,0
1506248845,22154591,236.50,6.40055447,0
1506248845,22154590,236.32,0.12500000,0
1506248845,22154589,236.09,0.05972553,0
1506248707,22154523,236.09,0.02160000,0
1506248532,22154476,236.09,0.00001535,1
1506248530,22154471,236.09,1.33520429,1
1506248529,22154469,236.09,0.05422814,1
1506248525,22154467,236.00,0.21000000,0
1506248525,22154466,236.00,0.04220263,0
1506248525,22154465,236.00,1.98000000,0
1506248525,22154464,236.00,2.06224132,0
1506248491,22154460,236.00,0.20695360,0
1506248292,22154417,236.00,1.98080508,0
1506248260,22154399,236.40,0.59767343,1
1506248260,22154398,236.27,0.49112197,0
1506248259,22154397,236.25,0.12448112,0
1506248259,22154396,236.00,1.00000000,0
1506248259,22154395,235.61,0.10000000,0
1506248258,22154394,235.59,0.12500000,0
1506248258,22154393,235.54,0.03939385,0
1506248256,22154392,235.40,0.49000000,0
1506248123,22154279,235.36,0.43220600,0
1506248011,22154215,235.39,0.08683461,1
1506248009,22154214,235.28,0.08269861,0
1506247985,22154206,235.12,1.62341005,0
1506247985,22154205,235.12,1.00000000,0
1506247985,22154204,235.08,0.08274000,0
1506247851,22154128,234.92,0.31526500,1
1506247848,22154126,235.05,2.49643957,1
1506247840,22154118,235.12,1.00000000,1
1506247839,22154117,235.12,1.00000000,1
1506247838,22154116,235.12,1.00000000,1
1506247837,22154115,235.12,1.00000000,1
1506247836,22154114,235.12,1.00000000,1
1506247835,22154113,235.23,0.99095566,0
1506247835,22154112,235.23,0.00904434,0
1506247684,22154045,235.23,4.24095566,0
1506247503,22153996,235.20,1.25327381,0
1506247407,22153945,235.05,1.01090678,1
1506247241,22153870,235.05,2.49780149,1
1506247239,22153869,235.07,1.00000000,1
1506247164,22153841,235.27,2.10326782,1
1506247163,22153839,235.27,1.94000000,1
1506247139,22153826,235.25,3.91116942,1
1506247138,22153825,235.24,0.33883058,0
1506247053,22153778,235.14,1.50079100,1
1506247053,22153777,235.21,0.10000000,1
1506247052,22153774,235.27,0.41922368,1
1506247051,22153773,235.27,2.70990332,1
1506246919,22153721,235.27,0.14009668,1
1506246919,22153719,235.27,1.40399332,1
1506246907,22153709,235.27,2.84600668,1
1506246877,22153687,235.28,0.33883058,1
1506246476,22153593,235.55,1.98326803,0
1506246474,22153592,235.47,0.12499642,1
1506246474,22153591,235.54,0.03941358,1
1506246457,22153585,235.54,0.04332642,1
1506246217,22153534,236.10,1.01837349,1
1506246217,22153533,235.72,0.46000000,0
1506246215,22153532,235.56,0.12162651,0
1506246212,22153531,235.56,1.00000000,0
1506246182,22153522,235.56,0.92031754,0
1506246182,22153520,235.55,1.11537962,0
1506246180,22153519,235.47,0.08274000,0
1506246162,22153505,234.80,0.30905762,0
1506246162,22153504,235.01,0.12500000,1
1506246161,22153503,235.08,0.08274000,1
1506246055,22153480,235.45,0.50000000,0
1506246051,22153473,235.45,2.00000000,0
1506246020,22153468,235.45,0.51679762,0
1506245966,22153458,235.22,1.50340107,0
1506245964,22153456,235.03,0.08274000,0
1506245797,22153413,235.11,1.50000000,0
1506245773,22153394,235.11,0.22449066,0
1506245772,22153393,235.10,0.12500000,0
1506245772,22153389,234.94,0.41501386,0
1506245771,22153375,234.78,0.08274000,0
1506245578,22153336,235.34,1.54742075,0
1506245578,22153335,235.00,0.20000000,0
1506245578,22153334,234.71,0.12500000,0
1506245576,22153333,234.55,0.10044862,0
1506245176,22153277,234.13,0.13075964,1
1506245176,22153275,234.23,0.00376036,1
1506245175,22153274,234.25,0.08274000,0
1506245174,22153273,234.25,0.08274000,1
1506244823,22153205,234.23,0.00007549,1
1506244823,22153204,234.45,0.58105167,0
1506244821,22153203,234.45,0.41501386,1
1506244788,22153200,234.48,0.99300580,0
1506244764,22153193,234.51,0.77694767,0
1506244758,22153192,234.50,12.35685354,0
1506244751,22153188,234.37,0.12500000,0
1506244750,22153187,234.30,0.10000000,0
1506244748,22153184,234.23,4.05000000,1
1506244747,22153183,234.23,0.01615915,0
1506244746,22153177,234.23,4.05384085,0
1506244746,22153176,234.22,0.25531452,0
1506244730,22153163,234.25,1.37797894,1
1506244729,22153160,234.25,2.11982255,0
1506244728,22153158,234.25,1.95017745,0
1506244726,22153157,234.13,0.12500000,0
1506244626,22153122,233.78,0.08274000,1
1506244618,22153114,234.20,0.08478548,0
1506244618,22153113,233.81,0.12500000,0
1506244600,22153095,233.69,1.79083100,1
1506244599,22153094,233.69,0.08274000,1
1506244548,22153078,233.50,0.30145848,0
1506244548,22153077,233.50,3.20501070,1
1506244317,22152962,233.68,6.42893000,0
1506244317,22152959,233.90,0.10000000,1
1506244276,22152917,234.44,0.52227310,0
1506244251,22152882,233.55,1.25358938,1
1506244251,22152881,233.97,1.50122100,1
1506244250,22152880,234.05,0.10044862,1
1506244250,22152879,234.10,0.12500000,1
1506244250,22152878,234.49,0.08274000,1
1506244235,22152869,233.98,4.01000000,1
1506244235,22152868,234.00,1.98290598,1
1506244235,22152866,234.00,0.10000000,1
1506244235,22152865,234.00,0.20000000,1
1506244235,22152864,234.00,2.01029914,1
1506244235,22152863,234.05,0.34010000,1
1506244234,22152862,234.45,0.12500000,1
1506244234,22152861,234.80,0.27569589,1
1506244231,22152855,234.80,0.41437758,1
1506244218,22152849,234.80,6.14600000,1
1506244177,22152837,234.80,2.33530642,1
1506244177,22152836,234.81,0.41437758,1
1506244136,22152818,234.81,0.01726000,0
1506244134,22152815,234.80,12.00000000,1
1506244069,22152796,234.86,0.08274000,1
1506243725,22152671,234.90,2.69814899,0
1506243715,22152655,234.74,0.33890000,0
1506243714,22152652,234.74,4.99378969,0
1506243704,22152645,234.75,0.08274000,0
1506243681,22152626,234.25,0.88995684,1
1506243669,22152621,235.59,0.89565523,0
1506243669,22152620,234.75,0.12500000,0
1506243657,22152611,234.95,0.12500000,0
1506243657,22152610,234.90,0.10000000,0
1506243657,22152609,234.88,0.08274000,0
1506243651,22152601,234.12,4.96994153,0
1506243649,22152600,234.20,0.48978495,1
1506243649,22152598,234.29,0.12500000,1
1506243649,22152597,234.50,0.10000000,1
1506243649,22152596,234.53,0.29199352,1
1506243576,22152573,234.52,0.33900000,0
1506243574,22152572,234.53,5.08724000,0
1506243574,22152571,234.53,0.12500000,1
1506243573,22152570,234.63,0.51000000,1
1506243427,22152520,234.84,0.45779737,1
1506243427,22152519,235.46,0.04220263,1
1506243396,22152499,234.81,0.11386100,0
1506243395,22152498,234.81,0.12500000,0
1506243395,22152497,235.20,0.33890000,1
1506243395,22152496,235.28,0.33900000,1
1506243395,22152495,235.30,0.08274000,1
1506243375,22152481,235.02,0.08274000,0
1506243375,22152479,235.44,6.43033608,1
1506243374,22152478,235.43,0.15597000,0
1506243374,22152477,235.32,0.12500000,0
1506243374,22152476,235.03,0.00000040,0
1506243361,22152453,235.03,0.10020000,0
1506243360,22152448,234.28,5.17181860,0
1506243359,22152446,234.49,0.04302623,1
1506243359,22152445,234.49,0.16851799,1
1506243359,22152444,234.49,0.16851799,1
1506243359,22152443,234.51,0.10020040,1
1506243359,22152442,234.51,0.26871839,1
1506243359,22152441,234.53,0.10020040,1
1506243359,22152440,234.94,0.12500000,1
1506243359,22152439,234.96,0.12500000,1
1506243343,22152425,235.00,0.33900000,1
1506243342,22152424,234.51,0.44759915,0
1506243341,22152423,234.53,0.54926563,1
1506243341,22152422,234.53,0.31073437,1
1506243341,22152421,234.87,0.08274000,0
1506243340,22152420,235.00,0.12500000,0
1506243337,22152413,234.86,0.32763224,1
1506243336,22152412,234.94,1.50013000,1
1506243336,22152411,235.00,1.44182978,1
1506243336,22152410,235.00,2.60000000,1
1506243336,22152409,235.09,4.28000000,1
1506243336,22152408,235.10,0.25163000,1
1506243336,22152407,235.13,13.00440298,1
1506243336,22152406,235.75,0.08274000,1
1506243333,22152405,235.10,0.25163500,0
1506243332,22152404,235.64,0.12500000,1
1506243251,22152376,236.21,2.06560779,0
1506243143,22152363,236.18,4.86315522,1
1506243141,22152361,235.73,0.12500000,0
1506243138,22152360,235.71,0.08274000,0
1506243130,22152359,235.90,0.49005785,1
1506243114,22152358,235.62,0.12500000,1
1506243112,22152357,235.61,8.04928144,0
1506243112,22152356,235.61,1.49963300,1
1506243112,22152355,235.66,0.12500000,1
1506243111,22152354,235.70,0.33900000,1
1506243111,22152353,235.71,0.10000000,1
1506243111,22152352,235.71,2.68978268,1
1506243111,22152351,235.87,0.47930288,1
1506242884,22152294,235.76,0.00069712,0
1506242839,22152278,236.07,0.99992288,1
1506242798,22152271,236.09,0.08442000,1
1506242770,22152260,236.19,0.18183000,0
1506242770,22152259,236.14,0.08274000,0
1506242652,22152230,236.10,1.86675000,0
1506242593,22152210,235.71,2.09634300,1
1506242593,22152209,235.86,4.01532700,1
1506242593,22152208,235.87,0.08274000,1
1506242507,22152193,235.71,2.05469567,1
1506242507,22152192,235.75,0.12448112,1
1506242507,22152191,235.76,3.46969321,1
1506242507,22152190,235.83,0.12500000,1
1506242506,22152189,235.95,0.08274000,1
1506242506,22152188,235.95,0.33780000,1
1506242505,22152186,235.96,7.48893000,1
1506242488,22152176,236.25,5.64711158,0
1506242476,22152174,236.74,1.78000000,0
1506242476,22152173,236.73,0.08274000,0
1506242470,22152172,235.91,0.08274000,0
1506242468,22152170,236.32,0.12500000,0
1506242468,22152169,236.30,0.08274000,0
1506242467,22152168,236.31,0.08274000,0
1506242437,22152144,235.85,0.12448112,1
1506242437,22152143,235.85,0.33780000,0
1506242434,22152139,235.84,2.26730400,0
1506242392,22152120,235.91,0.33779500,0
1506242369,22152110,235.98,0.33777700,0
1506242314,22152100,235.76,0.04226000,1
1506242313,22152098,235.84,0.08274000,1
1506242290,22152094,236.33,0.12500000,0
1506242289,22152093,236.25,0.00010000,0
1506242278,22152091,236.24,0.08274000,0
1506242073,22152042,235.75,0.00010000,0
1506242072,22152041,235.75,0.33780000,0
1506242016,22152021,236.16,0.08274000,0
1506242015,22152020,236.73,1.47818189,1
1506242015,22152019,236.41,0.12500000,1
1506242013,22152018,236.39,0.08274000,0
1506241950,22152003,235.83,0.04226000,1
1506241950,22152002,235.88,0.08274000,1
1506241842,22151937,236.01,0.61896500,0
1506241842,22151936,236.01,0.08274000,0
1506241841,22151935,236.01,0.12499500,1
1506241841,22151934,236.01,0.16830000,1
1506241823,22151914,236.74,1.70561586,0
1506241823,22151913,236.44,0.12500000,0
1506241819,22151908,236.42,0.16830536,1
1506241819,22151907,236.42,0.12500000,0
1506241819,22151906,236.32,0.00266000,0
1506241720,22151868,236.12,0.16830536,1
1506241650,22151853,236.32,1.55874000,0
1506241648,22151852,236.71,0.25079549,0
1506241621,22151834,236.76,0.45943064,0
1506241621,22151833,236.76,2.52000000,0
1506241621,22151832,236.75,0.33670000,1
1506241620,22151831,236.53,0.12437402,0
1506241620,22151830,236.43,0.12500000,0
1506241619,22151829,236.42,0.08274000,1
1506241619,22151828,236.42,0.08274000,0
1506241618,22151827,236.41,2.75859667,0
1506241527,22151802,236.02,0.29336878,1
1506241527,22151801,236.02,0.48681920,1
1506241527,22151800,236.03,0.12437402,1
1506241525,22151799,236.40,5.48893000,0
1506241523,22151798,236.64,0.12500000,1
1506241514,22151786,236.03,3.76000000,1
1506241514,22151785,236.49,3.91969868,1
1506241513,22151784,236.57,0.41473900,1
1506241513,22151780,236.57,1.08223000,1
1506241513,22151779,236.59,0.12500000,1
1506241512,22151778,236.61,0.33670000,1
1506241512,22151777,236.70,4.07000000,1
1506241455,22151755,236.69,2.51300000,1
1506241366,22151696,236.49,0.71809213,1
1506241366,22151695,236.66,0.42255000,1
1506241366,22151694,236.81,4.02000000,1
1506241366,22151693,236.97,1.86390800,1
1506241366,22151692,237.04,0.13486587,1
1506241243,22151637,237.19,0.11805328,1
1506241237,22151632,237.24,0.12500000,1
1506241234,22151615,237.30,0.08274000,0
1506241232,22151608,237.31,0.08274000,1
1506241227,22151591,237.30,0.02998500,1
1506241220,22151575,237.76,4.29606000,1
1506241217,22151572,237.76,0.21120000,0
1506241217,22151571,237.69,0.08274000,0
1506241164,22151540,237.32,1.08744558,0
1506241163,22151538,237.32,0.32479352,0
1506241043,22151466,237.20,0.08274000,1
1506241010,22151463,236.91,0.08274000,0
1506241000,22151460,236.94,0.03407412,1
1506241000,22151457,236.94,0.02998500,1
1506240999,22151455,236.92,0.16285667,0
1506240992,22151451,236.89,0.16291055,1
1506240985,22151442,236.85,3.67355296,0
1506240985,22151440,236.85,5.57413604,1
1506240977,22151437,236.86,0.12500000,0
1506240972,22151429,236.96,0.12500000,1
1506240972,22151427,237.12,1.49531100,1
1506240945,22151376,237.72,2.73611812,1
1506240945,22151375,237.61,0.09897516,0
1506240944,22151374,237.61,0.12500000,1
1506240944,22151373,237.36,0.12384531,0
1506240944,22151371,237.33,0.08552471,0
1506240943,22151370,237.32,0.33700588,0
1506240924,22151318,236.92,1.54545000,1
1506240924,22151317,236.92,0.08274000,1
1506240814,22151253,237.34,0.03113545,0
1506240794,22151251,236.85,2.52219953,1
1506240793,22151250,236.86,0.12384531,1
1506240793,22151249,237.11,0.09897516,1
1506240793,22151248,237.13,0.08274000,1
1506240792,22151247,237.10,0.08274000,0
1506240792,22151246,237.10,4.07000000,1
1506240791,22151245,237.10,0.12500000,1
1506240791,22151244,237.11,0.33700000,1
1506240783,22151239,238.06,0.77417457,1
1506240782,22151238,238.05,9.06269800,1
1506240782,22151237,238.05,2.11994000,1
1506240782,22151236,237.50,0.40970407,0
1506240780,22151235,237.48,0.08274000,0
1506240703,22151219,237.64,3.94390675,0
1506240696,22151215,237.32,0.00096845,1
1506240696,22151214,237.62,1.38755155,1
1506240653,22151188,236.86,0.18880100,0
1506240653,22151187,237.41,0.12500000,1
1506240653,22151186,237.42,0.08274000,1
1506240605,22151173,237.88,0.21000000,1
1506240604,22151172,237.90,0.25265264,1
1506240604,22151170,237.90,0.48734736,0
1506240603,22151168,237.88,0.18905300,1
1506240603,22151167,237.47,0.73567161,0
1506240602,22151166,237.88,0.21000000,1
1506240602,22151164,237.88,0.00004839,1
1506240601,22151163,237.88,3.73596827,1
1506240599,22151162,237.77,0.12500000,0
1506240599,22151161,237.53,0.20898334,0
1506240577,22151153,237.23,1.00000000,0
1506240559,22151150,237.22,4.07000000,0
1506240557,22151149,237.22,0.40970407,0
1506240510,22151112,237.18,0.00000991,0
1506240509,22151108,237.18,5.45154583,1
1506240492,22151099,237.19,0.82789700,0
1506240491,22151098,237.21,0.33620000,1
1506240484,22151097,237.18,1.01058622,0
1506240445,22151075,236.90,1.28679900,1
1506240443,22151072,236.90,1.28742086,1
1506240442,22151071,236.90,0.12403553,0
1506240384,22151010,236.80,0.43300000,1
1506240360,22151005,236.80,0.64552365,1
1506240357,22151004,236.80,2.66472869,0
1506240311,22151001,236.70,1.03956441,0
1506240297,22150994,236.66,8.04600000,1
1506240282,22150986,236.62,1.52400000,0
1506240261,22150974,236.60,2.00000000,0
1506240261,22150973,236.59,6.19000000,0
1506240235,22150950,236.61,1.00000000,0
1506240195,22150931,236.50,7.19117188,0
1506240188,22150930,236.50,2.80882812,0
1506240188,22150929,236.49,3.46969347,0
1506240187,22150928,236.49,0.28044521,0
1506240173,22150927,236.47,4.99987289,1
1506240165,22150923,236.47,3.00000000,0
1506240098,22150909,236.40,0.16247837,1
1506240077,22150902,236.40,0.08274000,1
1506240077,22150901,236.40,1.46230533,1
1506240076,22150895,236.38,0.04208081,0
1506240076,22150894,236.35,0.08274000,0
1506240036,22150852,236.05,0.15305072,1
1506240034,22150851,236.06,3.37729321,1
1506240034,22150850,236.06,0.09240000,1
1506240016,22150837,236.48,2.62508457,0
1506240014,22150836,236.05,0.19460607,0
1506239988,22150826,236.05,0.03323837,1
1506239988,22150825,236.06,0.08274000,1
1506239987,22150823,236.05,4.85271800,1
1506239973,22150809,236.00,4.99987289,1
1506239970,22150807,236.65,1.72866677,0
1506239970,22150806,236.47,4.07000000,0
1506239970,22150805,236.47,0.50000000,0
1506239970,22150804,236.41,0.76559323,0
1506239969,22150803,236.40,0.08274000,0
1506239965,22150798,236.01,0.08274000,1
1506239962,22150793,236.00,0.76564030,1
1506239962,22150792,236.00,1.99330509,1
1506239960,22150789,236.00,3.17105461,0
1506239960,22150788,235.99,4.07000000,0
1506239921,22150736,236.00,0.82041668,0
1506239921,22150733,235.99,0.48911565,0
1506239920,22150731,235.82,0.12500000,0
1506239920,22150730,235.75,1.50386600,0
1506239920,22150729,235.69,0.06726000,0
1506239920,22150728,235.50,4.00000000,0
1506239920,22150727,235.42,4.07000000,0
1506239920,22150725,235.42,1.03895167,0
1506239919,22150722,235.40,3.02684788,1
1506239908,22150693,235.40,0.29095158,1
1506239903,22150688,235.40,0.52081565,1
1506239901,22150685,235.30,0.12500000,0
1506239889,22150683,235.49,3.32260393,0
1506239889,22150682,235.35,0.12500000,0
1506239888,22150679,235.26,0.08274000,1
1506239879,22150675,234.77,0.06726000,1
1506239878,22150674,234.79,0.08274000,1
1506239816,22150626,234.92,0.26847437,0
1506239814,22150624,234.90,0.12500560,0
1506239814,22150623,234.90,0.12499440,0
1506239783,22150600,234.65,1.41163400,0
1506239761,22150585,234.65,1.02500400,0
1506239736,22150552,234.65,1.16336200,0
1506239736,22150550,234.64,0.08303700,0
1506239673,22150496,234.39,1.59703881,1
1506239668,22150489,234.39,1.44310915,1
1506239668,22150488,234.39,0.15392966,1
1506239645,22150471,234.29,0.18780100,0
1506239644,22150468,234.30,0.08274000,0
1506239567,22150442,234.41,10.72000000,0
1506239560,22150439,234.41,0.15319312,0
1506239507,22150427,233.91,10.59340000,1
1506239505,22150426,233.88,0.08303700,1
1506239505,22150425,233.89,0.34100000,1
1506239498,22150415,233.85,0.12500000,1
1506239482,22150407,234.81,3.71964567,0
1506239482,22150406,234.80,2.81000000,0
1506239481,22150405,234.70,0.25000000,0
1506239481,22150404,234.68,3.10940800,0
1506239481,22150403,234.65,0.25000000,0
