date,tid,price,amount,type
1506297613,22174672,283.48,0.24812812,0
1506297587,22174658,283.58,3.72011425,0
1506297543,22174614,283.29,0.03000000,1
1506297474,22174608,283.39,0.03000000,0
1506297474,22174607,283.39,0.03000000,0
1506297377,22174593,283.66,10.08129862,0
1506297300,22174574,282.75,9.98776691,1
1506297298,22174573,282.75,0.01223309,0
1506297274,22174572,282.75,1.09258800,0
1506297247,22174571,282.75,0.05679391,0
1506297191,22174564,282.01,0.23300000,1
1506297161,22174561,282.00,10.36581905,1
1506297161,22174560,282.01,9.31000000,1
1506297161,22174559,282.06,10.03418095,1
1506297160,22174558,282.07,0.03000000,1
1506297160,22174557,282.09,0.23000000,1
1506297160,22174556,282.22,0.03000000,1
1506297035,22174525,282.24,0.14659449,1
1506297035,22174523,282.31,0.06340548,1
1506297035,22174522,283.00,0.00000003,1
1506297028,22174517,283.00,2.03843600,1
1506296967,22174484,283.00,3.52572900,1
1506296963,22174481,283.00,1.88150000,1
1506296962,22174480,283.00,0.04331297,1
1506296962,22174479,283.01,0.11362303,1
1506296960,22174478,283.00,0.04204900,1
1506296959,22174477,283.00,2.13258800,1
1506296958,22174475,283.00,0.33638500,1
1506296957,22174474,283.06,0.06323748,1
1506296957,22174473,283.08,0.03000000,1
1506296957,22174472,283.33,0.03000000,1
1506296953,22174470,283.53,0.03000000,1
1506296935,22174465,283.68,0.03000000,1
1506296860,22174454,284.00,6.32085000,1
1506296860,22174453,284.00,3.67915000,1
1506296816,22174447,283.70,5.18105660,1
1506296805,22174443,283.70,0.12470000,1
1506296804,22174442,283.70,1.12549888,1
1506296804,22174441,283.71,0.14997912,1
1506296767,22174430,283.70,0.05290100,1
1506296765,22174429,283.70,1.86890000,1
1506296764,22174427,283.70,0.12450000,1
1506296761,22174426,283.70,0.02000000,1
1506296761,22174425,283.70,0.54190095,1
1506296761,22174424,283.81,0.06307036,1
1506296760,22174423,284.03,0.15840569,1
1506296750,22174415,284.04,4.78474161,1
1506296725,22174411,284.05,2.14910600,1
1506296718,22174409,284.03,1.08781800,1
1506296710,22174403,284.02,0.15840600,1
1506296706,22174402,284.05,1.99560000,1
1506296699,22174399,284.56,0.06290413,1
1506296698,22174398,284.67,0.08775073,1
1506296647,22174394,284.66,0.20761417,1
1506296647,22174393,284.75,0.03000000,1
1506296647,22174392,285.00,0.03000000,1
1506296647,22174391,285.20,0.03000000,1
1506296647,22174390,285.31,0.06273878,1
1506296599,22174385,285.32,1.16161500,0
1506296573,22174382,285.33,0.08789822,1
1506296573,22174381,285.33,0.08937020,1
1506296573,22174380,285.33,0.02313852,1
1506296517,22174374,285.33,0.06507513,1
1506296517,22174373,285.33,0.08912487,1
1506296517,22174372,285.35,0.03000000,1
1506296512,22174371,285.37,4.95545800,1
1506296497,22174370,285.61,7.17521592,0
1506296482,22174368,285.37,4.34554200,1
1506296472,22174366,285.37,0.10000000,1
1506296454,22174365,285.37,0.59900000,0
1506296388,22174358,285.37,1.95100000,0
1506296388,22174357,285.37,5.00000000,0
1506296388,22174356,285.36,0.27900000,0
1506296388,22174355,285.35,0.26800000,0
1506296097,22174323,285.33,1.85760000,0
1506296096,22174322,285.34,0.12380000,1
1506295867,22174294,285.37,0.61400000,1
1506295867,22174293,285.50,0.03000000,1
1506295867,22174292,285.52,0.27503620,1
1506295457,22174201,285.52,3.71083786,0
1506295457,22174199,285.52,1.25883200,0
1506295457,22174197,285.52,0.03033014,0
1506295452,22174192,285.57,5.00000000,1
1506295449,22174191,285.54,3.30000000,1
1506295449,22174190,285.96,0.23000000,1
1506295375,22174177,285.80,2.27446102,0
1506295374,22174176,285.82,0.27900000,1
1506295374,22174175,285.97,0.03000000,1
1506295374,22174174,286.04,2.09242656,1
1506295374,22174173,286.06,0.06411242,1
1506295374,22174172,286.12,0.03000000,1
1506295374,22174171,286.13,0.23000000,1
1506295233,22174153,286.14,0.45561200,1
1506295223,22174150,286.18,0.23000000,1
1506295223,22174149,286.19,0.26800000,1
1506294833,22174093,286.14,2.80672051,1
1506294833,22174092,286.18,0.14778692,1
1506294794,22174077,286.50,0.61411339,1
1506294713,22174072,287.02,0.13941095,0
1506294713,22174071,287.02,2.09044666,0
1506294695,22174061,286.52,2.79956000,1
1506294663,22174057,286.50,9.38588661,1
1506294663,22174056,286.56,2.67111339,1
1506294202,22173978,287.11,2.79352899,0
1506294202,22173977,286.86,0.09263614,0
1506294177,22173967,286.86,4.90736386,0
1506294177,22173966,286.86,0.95356792,0
1506294177,22173965,286.83,0.19506822,0
1506294158,22173962,286.83,0.95673407,1
1506294142,22173959,286.86,0.62069721,0
1506294133,22173956,286.83,0.08960000,1
1506294133,22173955,286.86,0.53000000,1
1506294133,22173954,286.87,1.60573487,1
1506294133,22173953,286.89,0.23000000,1
1506294133,22173952,287.11,0.53000000,1
1506294132,22173951,287.31,0.53000000,1
1506294131,22173950,287.46,0.02190000,1
1506294129,22173948,287.46,0.23000000,1
1506294128,22173947,287.46,0.27810000,1
1506294119,22173945,286.87,1.60573487,0
1506294114,22173942,286.87,0.27810000,1
1506294114,22173941,286.88,0.23000000,1
1506294114,22173940,286.89,2.88616513,1
1506294080,22173933,287.48,0.61444924,0
1506294074,22173932,287.49,1.00000000,0
1506294073,22173931,287.49,4.34960700,0
1506294072,22173930,286.87,0.48590700,0
1506294063,22173929,286.87,4.51409300,0
1506294055,22173928,286.86,0.27820000,0
1506294038,22173923,286.90,2.73028005,0
1506294037,22173921,286.88,2.97218171,1
1506294037,22173920,286.88,2.02781829,1
1506294034,22173919,286.88,2.17218171,1
1506294034,22173918,286.88,2.82781829,1
1506294029,22173915,286.88,4.20218171,0
1506294007,22173911,286.88,0.79781829,0
1506294007,22173910,286.88,1.91573571,0
1506294004,22173907,286.88,1.93246200,0
1506294003,22173906,286.88,1.15180229,1
1506294000,22173904,286.89,5.00000000,1
1506293996,22173903,286.89,4.88850000,1
1506293996,22173902,286.89,0.11150000,1
1506293993,22173901,286.90,2.24180500,0
1506293991,22173900,286.90,0.02791495,0
1506293991,22173899,286.90,2.70236505,0
1506293987,22173898,286.90,2.01943495,0
1506293984,22173897,286.90,0.27820000,0
1506293981,22173896,287.48,2.01510342,0
1506293967,22173894,287.49,0.75591112,0
1506293966,22173893,287.49,5.80355107,0
1506293964,22173892,287.48,0.64972099,0
1506293964,22173891,287.48,2.02896048,0
1506293964,22173890,287.48,0.85131853,0
1506293964,22173889,287.47,0.39427525,0
1506293963,22173888,287.46,0.45000000,0
1506293963,22173887,287.06,0.40828768,0
1506293952,22173880,286.86,2.61073200,0
1506293942,22173873,286.76,2.82646400,1
1506293941,22173872,286.86,2.38926800,0
1506293939,22173871,286.86,5.00000000,0
1506293935,22173870,286.85,2.42400000,0
1506293931,22173866,286.87,2.57600000,1
1506293928,22173865,286.87,5.00000000,1
1506293891,22173859,287.06,1.39454500,0
1506293887,22173855,287.06,1.33289207,0
1506293883,22173849,287.07,0.39427525,1
1506293880,22173845,287.07,0.64972099,1
1506293880,22173844,287.09,2.88027901,1
1506293872,22173842,287.49,5.08168945,0
1506293872,22173841,287.47,1.04253466,0
1506293871,22173840,287.49,8.06260425,0
1506293871,22173839,287.48,1.85023826,0
1506293871,22173838,287.01,3.95746534,0
1506293870,22173837,287.06,1.04253466,1
1506293868,22173836,287.48,1.02583900,0
1506293868,22173835,287.01,5.00000000,0
1506293864,22173834,287.05,3.60460328,1
1506293864,22173833,287.06,1.39539672,1
1506293862,22173831,287.00,1.48068054,0
1506293861,22173830,287.00,0.53000000,1
1506293861,22173829,287.02,2.08417124,1
1506293861,22173828,287.20,0.53000000,1
1506293861,22173827,287.35,0.37514822,1
1506293861,22173826,287.49,0.33284650,0
1506293861,22173825,287.40,0.00000009,0
1506293850,22173820,287.40,1.15501100,0
1506293844,22173819,287.49,19.99453196,0
1506293835,22173814,287.40,0.53000000,0
1506293835,22173813,287.35,0.15485178,1
1506293791,22173789,287.37,17.06198069,0
1506293791,22173788,287.36,0.24621267,0
1506293791,22173787,287.36,0.06485133,0
1506293753,22173782,287.36,2.62688600,0
1506293729,22173775,286.70,0.06485133,1
1506293729,22173774,286.71,2.87309867,1
1506293722,22173768,287.37,15.32699300,0
1506293722,22173767,287.36,2.68000000,0
1506293711,22173757,287.37,8.15715306,0
1506293702,22173755,287.37,9.47107494,0
1506293702,22173754,287.36,2.08797327,0
1506293702,22173753,287.36,0.27840000,0
1506293691,22173747,287.36,2.70986981,0
1506293691,22173746,287.36,0.35747374,0
1506293691,22173744,287.32,0.01760000,0
1506293691,22173743,287.25,0.06496042,0
1506293690,22173742,287.20,0.13872540,0
1506293675,22173738,286.53,4.23160000,1
1506293675,22173737,286.56,0.27840000,1
1506293661,22173735,287.20,0.11003980,0
1506293630,22173733,287.20,0.24648200,0
1506293587,22173715,287.20,0.03475280,0
1506293587,22173714,287.19,0.06500828,0
1506293587,22173713,287.05,0.53000000,0
1506293587,22173712,287.04,0.06011730,0
1506293587,22173711,287.03,0.02000000,0
1506293552,22173709,286.95,2.51270100,0
1506293552,22173708,286.94,4.85000000,0
1506293510,22173702,286.31,0.06970796,0
1506293509,22173701,286.43,0.53000000,1
1506293509,22173700,286.44,0.06011730,1
1506293509,22173699,286.46,2.87017474,1
1506293489,22173694,287.00,14.74545721,0
1506293489,22173693,287.00,1.00000000,0
1506293489,22173692,286.99,1.49312226,0
1506293488,22173691,286.98,2.86498930,0
1506293488,22173690,286.48,0.06013489,0
1506293362,22173682,286.45,1.15501109,1
1506293362,22173681,286.47,2.86498891,1
1506293336,22173677,286.48,0.98430800,0
1506293335,22173676,286.47,0.23000000,0
1506293315,22173674,286.19,0.00000039,0
1506293286,22173668,286.19,3.39525200,0
1506293279,22173664,286.19,1.04444289,0
1506293278,22173663,286.19,0.23000000,1
1506293278,22173662,286.20,0.33030472,1
1506293251,22173660,286.96,0.32301535,0
1506293251,22173659,286.86,0.07223142,0
1506293251,22173658,286.83,0.53000000,0
1506293251,22173657,286.70,0.10289308,0
1506293251,22173656,286.69,0.27870000,0
1506293250,22173655,286.67,1.24901265,0
1506293250,22173654,286.66,0.66494750,0
1506293220,22173652,286.66,1.79307018,0
1506293162,22173648,286.66,0.40515232,0
1506293162,22173647,286.00,0.27069368,0
1506293146,22173645,286.00,0.91883390,0
1506293134,22173637,285.99,2.76130000,1
1506293134,22173636,286.00,0.27870000,1
1506293114,22173632,286.00,4.84514822,1
1506293114,22173631,286.08,0.15485178,1
1506293029,22173612,286.10,4.02719393,0
1506292918,22173558,286.08,0.11160000,1
1506292833,22173522,286.09,5.00000000,0
1506292823,22173514,286.11,5.00000000,1
1506292818,22173508,286.10,5.00000000,1
1506292794,22173499,285.96,2.15453000,1
1506292794,22173498,285.98,2.84547000,1
1506292793,22173497,286.67,3.75098735,0
1506292793,22173496,286.67,2.30301265,0
1506292792,22173494,285.96,4.88840000,1
1506292792,22173493,286.64,0.11160000,1
1506292791,22173492,286.67,2.08698735,0
1506292784,22173491,286.68,0.61000000,1
1506292781,22173483,286.68,4.22000000,1
1506292780,22173482,286.68,0.78000000,1
1506292773,22173479,286.68,0.53000000,0
1506292769,22173478,286.59,0.01770000,0
1506292762,22173477,286.58,3.53000000,0
1506292759,22173475,286.59,0.01770000,0
1506292758,22173474,285.74,3.53000000,1
1506292758,22173473,286.57,4.83999989,0
1506292758,22173472,286.50,2.85800302,0
1506292757,22173471,286.49,2.02951309,0
1506292733,22173460,285.53,0.67199698,1
1506292733,22173459,285.53,2.85800302,1
1506292719,22173440,286.48,3.51453817,1
1506292718,22173439,286.48,11.06000000,1
1506292717,22173438,286.48,4.84000000,0
1506292717,22173437,286.47,7.03000000,0
1506292717,22173436,286.10,0.07242281,0
1506292717,22173435,286.07,0.53000000,0
1506292717,22173434,286.03,0.10000000,0
1506292716,22173433,286.03,2.85303902,0
1506292704,22173429,285.38,0.10000000,1
1506292704,22173428,285.39,3.92000000,1
1506292701,22173427,285.39,4.02000000,1
1506292698,22173425,285.40,5.00000000,1
1506292696,22173424,285.38,2.14696098,1
1506292696,22173423,285.38,2.85303902,1
1506292693,22173421,286.05,2.46748600,0
1506292690,22173419,285.92,0.53000000,0
1506292690,22173418,285.85,0.46405098,0
1506292680,22173407,285.24,0.00000174,0
1506292679,22173405,285.24,0.07563000,0
1506292670,22173397,285.84,1.46408500,0
1506292663,22173391,285.14,4.51000000,1
1506292657,22173388,285.85,0.07043078,0
1506292657,22173387,285.64,0.51141537,0
1506292646,22173375,285.34,0.07261521,0
1506292641,22173372,284.99,0.65659690,0
1506292639,22173368,284.99,2.80310700,0
1506292337,22173292,284.59,0.37000000,1
1506292335,22173291,284.79,0.53000000,1
1506292262,22173253,284.97,0.07973330,1
1506292257,22173244,284.98,1.03168435,0
1506292257,22173242,284.98,0.14411749,0
1506292256,22173233,284.98,1.24008646,0
1506292245,22173231,284.98,0.01902255,0
1506292244,22173230,284.98,0.04831646,0
1506292242,22173228,284.98,0.32453000,0
1506292240,22173225,284.98,1.08859110,0
1506292240,22173224,284.97,0.00296532,1
1506292240,22173222,284.97,0.22703468,1
1506292238,22173220,284.97,0.00296032,0
1506292238,22173218,284.97,0.22703968,0
1506292192,22173205,284.94,0.53000000,0
1506292172,22173198,284.96,15.09716520,0
1506292172,22173197,284.96,0.13000000,0
1506292172,22173196,284.62,1.12631051,0
1506292172,22173195,284.48,1.89811429,0
1506292172,22173194,284.47,9.70100000,0
1506292168,22173189,284.48,0.21099707,1
1506292165,22173183,284.48,0.11240000,1
1506292164,22173181,284.52,0.91000254,0
1506292164,22173180,284.50,0.27000000,0
1506292162,22173169,284.48,0.32503949,0
1506292161,22173164,284.48,0.32293755,0
1506292155,22173147,282.09,1.79855981,0
1506292154,22173146,283.72,0.23000000,0
1506292154,22173145,283.72,0.27000000,1
1506292055,22173107,284.62,0.10512262,0
1506291918,22173082,284.62,0.25622837,0
1506291918,22173081,284.61,0.23000000,0
1506291918,22173080,284.22,0.10388411,0
1506291917,22173077,282.32,1.00000000,1
1506291916,22173074,281.65,16.09820051,0
1506291916,22173073,281.70,1.00000000,1
1506291916,22173072,281.80,0.97967548,1
1506291916,22173071,281.80,5.00000000,0
1506291915,22173070,282.31,0.07261521,1
1506291915,22173069,282.31,0.01785272,1
1506291914,22173068,282.62,0.47000000,1
1506291914,22173067,282.62,0.10388411,0
1506291914,22173066,283.03,0.01777197,1
1506291914,22173065,283.70,0.53000000,1
1506291913,22173064,283.72,9.75000000,0
1506291913,22173063,284.00,0.53000000,1
1506291913,22173062,284.00,5.00000000,0
1506291912,22173061,284.25,0.53000000,1
1506291910,22173060,284.62,1.85067103,0
1506291910,22173059,284.45,3.33760000,0
1506291887,22173056,284.45,0.53000000,1
1506291887,22173055,284.60,0.53000000,1
1506291886,22173054,284.61,0.11240000,1
1506291846,22173052,284.62,0.15536504,0
1506291541,22172974,284.62,0.01749701,0
1506291491,22172968,284.62,0.99880542,0
1506291437,22172967,284.99,3.70769265,0
1506291437,22172966,284.98,0.08950128,0
1506291436,22172965,284.97,0.23000000,0
1506291425,22172961,284.51,0.45000000,0
1506291236,22172928,284.24,1.30690000,0
1506291212,22172925,284.29,4.03948143,0
1506291212,22172924,284.28,2.99896308,0
1506291212,22172923,284.28,2.69000000,0
1506291211,22172922,284.00,0.06152797,0
1506290989,22172902,283.83,0.50230900,1
1506290989,22172901,283.84,0.23000000,1
1506290955,22172899,283.98,0.41740000,1
1506290941,22172898,283.98,0.11260000,1
1506290901,22172891,283.99,0.11260000,1
1506290802,22172875,284.00,0.42835808,0
1506290801,22172874,284.00,1.05252155,0
1506290801,22172873,284.00,2.38809990,0
1506290801,22172872,284.00,0.83949250,0
1506290791,22172869,283.99,0.03510586,1
1506290787,22172866,284.00,5.00000000,1
1506290787,22172865,284.01,0.23000000,1
1506290735,22172853,284.00,0.16490000,1
1506290733,22172852,284.04,0.03510000,1
1506290639,22172830,283.73,2.01371000,1
1506290614,22172824,284.01,5.92999500,0
1506290614,22172823,284.01,0.23000000,0
1506290610,22172821,283.98,0.87000001,0
1506290609,22172819,283.98,0.22999999,0
1506290609,22172818,283.98,5.70222001,0
1506290608,22172817,283.97,5.93214692,0
1506290607,22172816,283.98,0.23000000,0
1506290606,22172815,283.99,1.09777999,1
1506290605,22172814,284.01,7.03000000,1
1506290572,22172806,284.44,0.42913782,0
1506290546,22172802,284.51,15.84990474,0
1506290546,22172801,284.50,3.35000000,0
1506290546,22172800,284.50,0.79473123,0
1506290536,22172799,284.07,5.00000000,1
1506290468,22172791,284.51,0.22263000,0
1506290461,22172787,284.53,0.02903207,0
1506290460,22172786,284.52,0.10000000,0
1506290448,22172781,284.54,0.02903207,0
1506290448,22172780,284.53,0.10000000,0
1506290441,22172776,284.38,0.08819281,0
1506290439,22172774,284.37,0.23000000,0
1506289923,22172694,283.66,0.00554438,0
1506289922,22172691,283.66,0.09854518,0
1506289920,22172690,283.16,13.64630496,1
1506289920,22172689,283.03,28.74668453,0
1506289920,22172688,283.03,0.10408956,0
1506289920,22172687,283.03,0.26765695,0
1506289919,22172685,283.06,0.07242281,1
1506289919,22172684,283.14,0.18400000,1
1506289919,22172683,283.14,0.33224559,0
1506289919,22172681,283.15,3.69000000,1
1506289918,22172680,283.16,20.45800000,0
1506289918,22172679,283.16,5.00000000,0
1506289918,22172678,283.53,0.05000000,1
1506289918,22172677,283.80,0.79473123,1
1506289917,22172676,283.81,0.08819281,1
1506289917,22172675,283.82,0.03689905,1
1506289917,22172674,283.82,0.28070000,1
1506289915,22172673,283.94,4.66437747,0
1506289915,22172672,283.94,0.23000000,1
1506289915,22172671,283.94,5.00000000,1
1506289791,22172662,284.81,3.28175399,0
1506289765,22172658,284.53,0.03000000,1
1506289732,22172649,284.60,0.25439220,0
1506289732,22172648,284.61,1.15262348,0
1506289720,22172646,284.68,0.02670242,1
1506289711,22172644,284.56,0.00329758,0
1506289710,22172643,284.56,0.22670242,0
1506289700,22172639,284.55,0.23000000,0
1506289465,22172612,284.70,0.08932531,0
1506289465,22172611,284.63,0.28070000,0
1506289464,22172610,284.41,0.08851582,0
1506289464,22172609,284.40,0.26900000,0
1506289408,22172606,283.81,0.52328000,1
1506289408,22172605,283.82,0.28070000,1
1506289408,22172604,284.14,0.23000000,1
1506289406,22172603,283.82,13.64630496,0
1506289406,22172602,283.96,0.03000000,1
1506289405,22172601,284.11,0.03000000,1
1506289405,22172600,284.13,0.08950128,1
1506289405,22172599,284.13,0.08932531,1
1506289404,22172598,284.13,0.08851582,1
1506289404,22172597,284.13,0.33215578,1
1506289369,22172581,284.13,4.42991222,0
1506289368,22172579,284.13,1.24668774,0
1506289367,22172576,284.13,0.23000000,0
1506289366,22172575,284.57,0.26900000,1
1506289366,22172574,284.58,0.25943296,1
1506288972,22172471,285.54,6.34833101,0
1506288972,22172470,285.51,12.47600496,0
1506288880,22172464,285.55,1.17030000,0
1506288764,22172445,284.62,0.42922110,1
1506288682,22172439,284.09,7.69937122,1
1506288682,22172438,284.19,0.81000000,1
1506288681,22172437,284.20,13.64630496,0
1506288681,22172436,285.00,1.05822607,1
1506288681,22172435,285.04,4.02000000,1
1506288680,22172434,285.58,0.51141537,1
1506288680,22172433,285.62,10.00000000,1
1506288680,22172431,285.66,1.94001832,1
1506288678,22172430,285.67,0.31466406,1
1506288553,22172416,285.74,2.55000000,1
1506288549,22172415,285.73,2.55000000,1
1506288220,22172332,285.79,0.15474437,1
1506288218,22172331,285.80,2.55000000,1
1506288216,22172330,285.78,2.55000000,1
1506288097,22172311,285.99,2.87000000,0
1506288067,22172300,286.14,2.87443209,0
1506288067,22172299,286.00,1.05454047,0
1506288067,22172298,286.00,0.25000000,0
1506288065,22172297,285.99,0.51069855,0
1506287996,22172277,285.50,0.79002000,0
1506287996,22172276,285.17,0.90986957,0
1506287979,22172273,285.00,4.00000000,0
1506287539,22172193,285.17,0.21000000,0
1506287298,22172145,285.17,0.15474437,0
1506287242,22172130,285.17,0.01746327,0
1506287172,22172117,285.17,1.57047653,0
1506287172,22172116,285.16,2.36983870,0
1506287053,22172091,285.14,1.32471769,1
1506286967,22172054,285.21,4.48132954,1
1506286966,22172053,284.89,0.23000000,0
1506286905,22172041,284.94,0.09000000,0
1506286889,22172039,284.98,6.66207018,0
1506286855,22172033,285.15,13.85502367,1
1506286855,22172032,284.66,0.08932032,0
1506286853,22172031,284.55,0.05000000,0
1506286727,22172007,284.35,4.02212000,0
1506286497,22171969,284.28,0.15518879,0
1506285727,22171819,284.26,0.22822110,1
1506285725,22171815,283.96,0.20100000,0
1506285700,22171810,283.99,0.03000000,0
1506285619,22171794,284.09,0.05000000,1
1506285585,22171780,284.10,0.28100000,0
1506285566,22171778,284.12,0.15518879,0
1506285439,22171749,284.23,0.03000000,1
1506285375,22171733,284.33,0.03000000,0
1506285366,22171730,284.66,0.48823157,1
1506285365,22171729,284.40,0.05000000,0
1506285365,22171728,284.38,0.08801663,0
1506285365,22171727,284.38,0.08924985,0
1506285363,22171726,284.23,2.11096647,0
1506285346,22171725,284.24,0.04787910,0
1506285344,22171723,284.24,0.18857933,0
1506285340,22171720,284.25,0.12442396,0
1506285326,22171710,284.22,6.42577523,0
1506285147,22171672,284.09,0.08854515,0
1506285114,22171667,283.99,0.05000000,0
1506284548,22171437,283.49,1.87195437,1
1506284548,22171436,283.49,0.27673113,1
1506284548,22171435,283.63,0.03000000,1
1506284548,22171434,283.75,0.01772687,1
1506284481,22171344,283.80,0.26986506,1
1506284477,22171340,283.81,0.08801663,0
1506284475,22171337,283.81,4.02212000,0
1506284461,22171318,283.81,0.08854515,0
1506284460,22171316,283.81,0.08924985,0
1506284459,22171312,283.81,0.08932032,0
1506284455,22171303,283.81,0.68513600,0
1506284454,22171295,283.80,0.01864000,0
1506284453,22171292,283.80,0.25136000,0
1506284449,22171283,283.78,1.35000000,0
1506284445,22171281,283.79,0.12493753,0
1506284442,22171273,283.81,0.07223142,1
1506284442,22171272,283.83,0.03000000,1
1506284442,22171271,283.98,0.26407521,1
1506284441,22171270,283.98,0.03000000,1
1506284441,22171269,284.04,0.27000000,1
1506284441,22171268,284.05,0.23000000,1
1506284351,22171226,284.00,4.28915457,1
1506284351,22171225,284.00,1.05454047,1
1506284351,22171222,284.01,11.01000000,1
1506284350,22171221,284.02,13.64630496,1
1506284288,22171169,284.50,0.74500000,1
1506284288,22171168,285.09,0.00010521,1
1506284273,22171162,285.09,0.29060999,1
1506284271,22171159,284.50,0.25500000,1
1506284271,22171158,284.55,0.05000000,1
1506284271,22171157,284.62,0.03000000,1
1506284271,22171156,284.82,0.03000000,1
1506284271,22171155,284.97,0.03000000,1
1506284261,22171154,285.00,0.54134600,1
1506284255,22171150,285.00,0.24867400,1
1506284173,22171114,285.32,0.38800490,0
1506284173,22171113,285.31,0.92000000,0
1506284098,22171105,285.45,5.00000000,0
1506284071,22171093,284.99,1.00203516,1
1506284055,22171090,284.99,0.05000000,1
1506284007,22171084,284.94,0.27970000,0
1506284007,22171083,284.94,2.33847700,0
1506284007,22171082,284.94,0.23000000,0
1506283885,22171047,284.54,3.74868691,1
1506283885,22171046,284.56,0.07204105,1
1506283885,22171045,284.57,0.23000000,1
1506283849,22171024,284.63,1.44210700,1
1506283848,22171022,284.63,2.04589100,1
1506283848,22171021,284.67,0.03000000,1
1506283848,22171018,284.87,0.03000000,1
1506283848,22171016,284.88,0.23000000,1
1506283795,22170995,285.00,4.70721498,1
1506283786,22170991,285.00,1.22486700,1
1506283779,22170985,285.00,1.00000000,1
1506283771,22170981,285.00,0.49424320,1
1506283770,22170979,285.00,0.45367482,1
1506283770,22170978,285.00,5.32340913,1
1506283770,22170975,285.01,0.05000000,1
1506283770,22170974,285.02,0.03000000,1
1506283769,22170972,285.03,1.00324805,1
1506283753,22170951,285.03,1.10176700,1
1506283647,22170881,285.04,1.06285000,1
1506283647,22170880,285.20,0.23000000,1
1506283539,22170848,285.17,2.47004173,1
1506283538,22170847,285.19,0.27970000,1
1506283523,22170839,285.11,0.08190000,0
1506283521,22170837,285.17,0.03000000,1
1506283519,22170832,285.23,7.02000000,0
1506283518,22170830,285.23,7.02000000,0
1506283518,22170829,285.23,0.17420000,0
1506283517,22170828,285.31,0.07293821,1
1506283517,22170827,285.32,0.03000000,1
1506283517,22170826,285.33,0.23000000,1
1506283431,22170775,286.13,5.86317965,0
1506283431,22170774,286.12,9.27000000,0
1506283431,22170773,285.99,3.99930145,0
1506283431,22170772,285.96,2.09819555,0
1506283430,22170771,285.95,8.71932335,0
1506283430,22170770,285.55,0.05000000,0
1506283401,22170756,285.34,5.55869300,1
1506283235,22170717,286.02,0.51069855,1
1506283197,22170708,286.54,0.50977933,0
1506283197,22170707,286.54,0.28798772,0
1506283196,22170706,286.00,5.00000000,0
1506283191,22170705,286.01,3.70744687,1
1506283191,22170704,286.02,1.29255313,1
1506283190,22170703,286.54,0.28807665,0
1506283188,22170702,286.02,0.80489713,1
1506283188,22170701,286.03,1.04426109,1
1506283188,22170700,286.05,2.86255374,1
1506283187,22170699,286.37,0.28828804,1
1506283186,22170698,286.39,0.03000000,0
1506283186,22170697,286.37,0.04203913,0
1506283184,22170695,286.08,5.00000000,1
1506283175,22170690,286.37,0.01780000,0
1506283175,22170689,286.37,0.23000000,0
1506283175,22170688,286.24,0.03000000,0
1506283175,22170687,286.22,0.08858985,0
1506283175,22170686,286.21,0.23000000,0
1506283165,22170685,286.14,0.03000000,0
1506283165,22170684,286.09,0.03000000,0
1506283165,22170683,286.08,0.90000000,0
1506283164,22170682,286.06,0.06669954,0
1506283156,22170678,286.00,1.00000000,0
1506283156,22170677,285.99,0.05000000,0
1506283156,22170676,285.94,0.03000000,0
1506283143,22170672,285.93,0.23000000,0
1506283131,22170666,285.94,0.10000000,0
1506283131,22170665,285.93,0.08858985,0
1506283131,22170664,285.51,0.00794968,0
1506283125,22170661,285.51,2.08641928,0
1506283125,22170660,285.51,0.45563104,0
1506283125,22170659,285.51,2.09000000,0
1506283114,22170653,285.51,0.23000000,0
1506283113,22170652,285.52,0.23000000,1
1506283078,22170641,285.40,3.04000000,1
1506283064,22170637,285.87,1.04483288,0
1506283055,22170634,285.87,0.01770000,0
1506282950,22170586,285.84,3.81000000,0
1506282946,22170584,285.83,0.23000000,0
1506282944,22170583,285.57,1.45834900,1
1506282944,22170582,285.60,8.43000000,1
1506282944,22170581,285.72,0.11190000,1
1506282943,22170580,285.84,4.84000000,0
1506282941,22170579,285.84,27.89908610,0
1506282941,22170578,285.59,2.10091390,0
1506282785,22170536,285.86,8.48637270,1
1506282784,22170535,285.79,0.03000000,0
1506282784,22170534,285.69,0.06419527,0
1506282784,22170533,285.65,0.08795907,0
1506282784,22170532,285.62,5.50000000,0
1506282784,22170531,285.56,4.84000000,0
1506282784,22170530,285.50,1.00000000,0
1506282784,22170529,285.50,0.10332632,0
1506282783,22170528,285.49,2.86814664,0
1506282783,22170526,285.40,7.02000000,0
1506282754,22170523,285.01,1.77000000,1
1506282752,22170522,285.02,0.23000000,1
1506282484,22170439,285.00,0.62945413,1
1506282393,22170404,285.00,3.53000000,1
1506282364,22170397,285.13,1.18952758,1
1506282364,22170396,285.15,2.86814664,1
1506282281,22170348,285.48,0.02054844,0
1506282245,22170333,285.37,12.36605090,0
1506282244,22170332,285.37,6.68260000,0
1506282211,22170319,285.44,0.05000000,1
1506282205,22170302,285.43,15.26687994,0
1506282205,22170301,285.42,2.03000000,0
1506282201,22170298,285.43,19.98296063,0
1506282194,22170294,285.43,14.81306310,0
1506282194,22170293,285.35,0.70674082,0
1506282194,22170292,285.34,3.36000000,0
1506282193,22170291,285.33,1.02105939,0
1506282193,22170290,285.24,0.06429732,0
1506282193,22170289,285.14,0.01780000,0
1506282180,22170281,285.02,1.02105939,1
1506282117,22170258,285.00,1.51713674,1
1506282117,22170257,285.01,2.01286326,1
1506282053,22170216,285.00,1.00000000,0
1506282053,22170215,285.00,0.20000000,0
1506282053,22170214,284.95,2.86902389,0
1506282042,22170207,284.16,0.02000000,0
1506282041,22170206,284.96,17.73766093,0
1506282041,22170205,284.88,1.90000000,0
1506282041,22170204,284.78,0.06439970,0
1506282040,22170203,284.56,0.28090000,0
1506282038,22170198,284.50,1.00000000,0
1506281997,22170180,284.12,0.02000000,1
1506281706,22170118,283.87,0.09307800,1
1506281668,22170112,283.86,3.36275472,0
1506281494,22170043,283.86,11.66016550,0
1506281494,22170041,283.85,2.11379250,0
1506281457,22170023,283.86,2.10912383,0
1506281433,22170019,283.87,0.28090000,1
1506281279,22169968,284.10,11.47074719,1
1506281198,22169929,284.41,0.04203913,1
1506281197,22169926,284.41,0.01780000,0
1506281197,22169924,284.40,0.23000000,0
1506281193,22169914,283.49,0.05499172,0
1506281191,22169913,283.81,0.06500828,1
1506281189,22169911,284.33,0.06450241,0
1506281189,22169910,284.22,0.29192636,0
1506281189,22169909,284.00,54.00000000,0
1506281189,22169908,283.88,0.06460545,0
1506281189,22169907,283.87,0.23000000,0
1506281171,22169889,283.77,32.00000000,0
1506281170,22169888,283.68,0.01790000,0
1506281170,22169887,283.67,0.23000000,0
1506281162,22169882,283.50,6.17000000,0
1506281160,22169878,283.42,0.06470881,0
1506281160,22169877,283.14,0.23000000,0
1506280933,22169743,282.35,0.96740000,1
1506280915,22169726,282.60,1.00000000,0
1506280915,22169725,282.50,29.83586475,0
1506280911,22169722,282.50,3.50511746,0
1506280870,22169712,282.49,0.21937677,0
1506280870,22169711,282.49,2.12396899,0
1506280870,22169710,282.21,0.00000024,0
1506280825,22169674,282.21,1.87999976,0
1506280825,22169673,282.15,1.00000000,0
1506280825,22169672,282.14,0.22994824,0
1506280602,22169579,281.80,0.00492547,0
1506280601,22169574,281.80,0.56632054,0
1506280601,22169573,281.80,0.07546900,0
1506280601,22169572,281.80,0.33837826,0
1506280541,22169548,281.70,0.57124601,1
1506280489,22169530,281.70,0.07546900,1
1506280479,22169526,281.70,0.33837826,1
1506280319,22169503,281.36,0.10503783,1
1506280319,22169502,281.36,0.10498550,1
1506280318,22169500,281.38,0.03000000,1
1506280318,22169499,281.40,0.84715955,1
1506280318,22169498,281.63,0.03000000,1
1506280318,22169497,281.83,0.00625012,1
1506280299,22169486,281.83,0.02374988,1
1506280299,22169484,281.84,0.14819400,1
1506280299,22169482,281.98,0.03000000,1
1506280297,22169479,282.00,0.23005180,1
1506280231,22169439,282.00,1.72468086,1
1506280231,22169438,282.02,0.23000000,1
1506280208,22169427,282.01,0.23000000,1
1506280133,22169408,282.00,1.00000000,0
1506280133,22169407,281.90,1.00000000,0
1506280133,22169406,281.88,2.21526734,0
1506280042,22169371,281.83,0.37365871,1
1506280042,22169370,281.83,1.97697195,1
1506280039,22169367,281.81,1.88000000,0
1506280009,22169320,281.32,1.28996700,1
1506280009,22169319,281.40,0.23000000,1
1506279887,22169277,280.91,2.21526734,0
1506279887,22169276,281.64,0.03000000,0
1506279886,22169275,281.71,0.06496042,1
1506279886,22169274,281.76,0.03000000,0
1506279885,22169273,281.76,0.03000000,0
1506279885,22169272,281.76,0.03000000,0
1506279885,22169271,281.76,0.03000000,0
1506279884,22169270,281.76,0.23000000,1
1506279751,22169204,282.56,0.03000000,1
1506279561,22169110,282.69,0.03000000,0
1506279500,22169098,282.73,4.09058855,0
1506279500,22169097,282.73,0.23000000,0
1506279387,22169069,282.05,0.00000030,0
1506279354,22169061,282.05,1.17125400,0
1506279354,22169060,281.98,0.28260000,0
1506279288,22169046,282.12,0.03000000,1
1506279259,22169035,282.17,0.34501400,1
1506279259,22169034,282.27,0.03000000,1
1506279191,22169018,282.29,0.28260000,1
1506279190,22169015,282.98,4.93908321,0
1506279190,22169014,282.97,0.23000000,0
1506279176,22169008,283.00,3.46677629,0
1506279176,22169007,282.98,7.02000000,0
1506279176,22169006,282.50,0.23000000,0
1506279170,22169003,283.00,26.20314805,0
1506279170,22169002,282.99,2.00000000,0
1506279170,22169001,282.51,0.16489095,0
1506279164,22168997,282.51,0.06510905,0
1506279163,22168996,282.99,2.38000000,0
1506279163,22168995,282.98,7.02000000,0
1506279163,22168994,282.97,0.06481251,0
1506279162,22168993,282.96,0.01790000,0
1506279162,22168992,282.52,0.06491654,0
1506279160,22168991,282.51,3.80999989,0
1506279159,22168990,282.42,0.00008211,0
1506279115,22168972,282.42,0.22991789,0
1506279020,22168937,282.45,1.73800272,0
1506279020,22168936,282.43,0.55000000,0
1506278927,22168918,282.45,0.10496212,0
1506278927,22168917,282.22,0.01800000,0
1506278926,22168916,282.21,0.23000000,0
1506278493,22168802,282.00,0.20199568,0
1506278491,22168801,281.99,0.23000000,0
1506278308,22168735,282.21,0.03904894,0
1506278297,22168729,281.97,0.03000000,1
1506278244,22168688,282.19,3.84652184,0
1506278243,22168687,282.06,0.06502090,0
1506278168,22168654,281.99,10.03989361,0
1506278161,22168646,281.99,0.01954706,0
1506278124,22168597,281.92,13.73786438,0
1506278124,22168596,281.91,0.23000000,0
1506278117,22168590,281.93,1.20125430,0
1506278109,22168569,282.06,11.65312344,1
1506278109,22168568,282.00,13.01844452,0
1506278109,22168567,281.99,0.03000000,0
1506278108,22168566,281.98,30.00000000,0
1506278108,22168565,281.97,33.71900000,1
1506278108,22168564,281.69,0.03000000,0
1506278107,22168563,281.50,0.01800000,0
1506278107,22168561,281.44,0.03000000,0
1506278107,22168560,281.42,0.03000000,0
1506278105,22168559,281.24,0.03000000,0
1506278097,22168555,281.20,3.36553261,1
1506278094,22168553,281.09,0.03000000,0
1506278094,22168552,281.07,0.03000000,0
1506278086,22168546,281.01,4.39881294,1
1506278085,22168545,280.87,2.13621960,0
1506278085,22168544,280.84,10.77700000,0
1506278085,22168543,280.83,8.88678600,0
1506278045,22168527,279.90,0.75739024,1
1506278045,22168526,279.95,0.01840000,1
1506278045,22168525,280.03,0.26779976,1
1506278032,22168514,280.05,3.37725947,1
1506278032,22168513,280.16,2.14142853,1
1506278027,22168508,280.15,8.88678600,1
1506277995,22168497,280.68,7.34651130,0
1506277994,22168496,280.65,2.13789417,0
1506277994,22168495,280.64,10.49855516,0
1506277933,22168469,279.95,5.12564021,1
1506277921,22168451,281.03,3.32752362,0
1506277911,22168430,280.90,0.03917313,0
1506277911,22168429,280.90,0.96082687,0
1506277911,22168428,280.80,2.94597329,0
1506277909,22168418,280.80,0.93402671,0
1506277904,22168416,280.77,4.60586639,0
1506277903,22168415,279.80,0.00002077,0
1506277902,22168396,279.80,0.04146779,0
1506277893,22168363,279.80,1.73862800,0
1506277880,22168358,279.80,1.65457000,0
1506277876,22168356,279.80,0.51900137,0
1506277873,22168351,279.80,0.91039000,0
1506277872,22168349,279.80,0.16794916,0
1506277872,22168348,279.75,0.90975318,0
1506277870,22168342,279.75,0.07184682,0
1506277870,22168341,279.75,0.01840000,1
1506277868,22168339,279.79,0.34000000,0
1506277863,22168335,279.80,0.01840000,1
1506277845,22168331,279.80,0.98160000,1
1506277845,22168330,279.85,0.01840000,1
1506277759,22168259,280.88,1.75087207,0
1506277759,22168257,280.87,0.28310000,0
1506277759,22168256,280.86,3.38000000,0
1506277758,22168254,280.80,1.00000000,0
1506277758,22168253,279.24,2.87782793,0
1506277758,22168252,278.01,30.65606157,0
1506277758,22168251,278.37,10.00000000,1
1506277758,22168250,278.71,0.01811919,1
1506277757,22168249,278.71,0.26573000,0
1506277757,22168247,278.74,0.47000000,1
1506277757,22168246,278.74,4.00000000,1
1506277757,22168245,279.00,1.00000000,1
1506277757,22168244,279.00,0.15000000,1
1506277757,22168243,279.00,0.19000000,0
1506277756,22168240,279.01,110.98000000,1
1506277756,22168237,279.08,0.03000000,1
1506277756,22168235,279.08,0.93000000,0
1506277755,22168233,279.12,2.50000000,1
1506277755,22168230,279.15,0.04692817,1
1506277755,22168228,279.38,0.03000000,1
1506277754,22168226,279.43,0.01803672,1
1506277754,22168225,279.45,0.10169977,1
1506277754,22168224,279.63,0.03000000,1
1506277754,22168223,279.63,0.01840000,0
1506277753,22168222,279.74,2.50000000,1
1506277753,22168221,279.83,0.03000000,1
1506277753,22168219,279.90,0.01840000,1
1506277752,22168216,279.91,0.06502090,1
1506277752,22168215,279.98,0.03000000,1
1506277752,22168214,280.10,1.05105939,1
1506277751,22168213,280.34,1.02575469,0
1506277751,22168208,280.34,1.16357570,1
1506277749,22168207,280.34,0.04570306,0
1506277748,22168206,280.34,1.16358300,0
1506277722,22168191,280.04,1.12999957,1
1506277722,22168190,280.05,6.01201243,1
1506277694,22168149,280.00,0.19230085,0
1506277693,22168148,280.00,3.26183134,1
1506277693,22168146,280.00,15.00000000,1
1506277693,22168144,280.00,1.00000000,1
1506277693,22168143,280.00,1.00000000,1
1506277693,22168142,280.00,2.00000000,1
1506277693,22168141,280.01,9.59000000,1
1506277692,22168139,280.15,0.04676066,1
1506277692,22168137,280.15,0.01799036,1
1506277692,22168136,280.16,1.41000000,1
1506277692,22168135,280.26,4.04607704,1
1506277692,22168134,280.30,0.01840000,1
1506277683,22168107,281.92,6.20431328,0
1506277671,22168078,280.26,2.06024341,1
1506277671,22168077,280.35,0.01840000,1
1506277667,22168070,280.26,3.89367955,1
1506277667,22168069,280.27,7.02000000,1
1506277667,22168068,280.28,1.86000000,1
1506277667,22168067,280.36,0.06491654,1
1506277667,22168066,280.37,0.37000000,1
1506277661,22168055,280.81,0.06481251,1
1506277661,22168053,280.87,0.01794424,1
1506277660,22168052,280.96,0.04662585,1
1506277645,22168020,281.00,1.00000000,1
1506277645,22168019,281.01,0.28310000,1
1506277645,22168018,281.03,0.05000000,1
1506277642,22168001,281.26,0.06470881,1
1506277642,22168000,281.32,1.90000000,1
1506277631,22167962,281.56,5.85886633,1
1506277630,22167959,281.56,2.14000000,1
1506277630,22167958,281.56,1.90000000,1
1506277629,22167957,281.59,0.01789836,1
1506277629,22167956,281.65,0.10000000,1
1506277629,22167955,281.71,0.06460545,1
1506277629,22167954,282.00,0.78917405,1
1506277627,22167953,282.00,0.79605800,1
1506277627,22167952,282.00,1.10394200,1
1506277626,22167951,282.00,0.06074000,1
1506277626,22167950,282.00,1.00000000,1
1506277625,22167949,282.16,0.06450241,1
1506277625,22167948,282.20,1.06000000,1
1506277625,22167947,282.21,0.23000000,1
1506277602,22167919,282.20,0.45000000,1
1506277584,22167902,282.70,0.00031715,1
1506277584,22167901,282.71,0.23000000,1
1506277584,22167900,282.82,2.06452799,1
1506277577,22167896,282.80,1.00000000,1
1506277576,22167894,282.85,1.00729996,0
1506277576,22167893,282.81,12.63900500,0
1506277576,22167892,282.85,1.00000000,1
1506277576,22167891,283.07,0.00730000,1
1506277510,22167797,283.82,2.35000000,1
1506277510,22167796,283.07,0.02270000,1
1506277509,22167795,283.37,0.03000000,1
1506277509,22167794,283.62,0.03000000,1
1506277508,22167793,283.82,0.03000000,1
1506277506,22167792,283.97,0.03000000,1
1506277498,22167787,283.99,7.11094289,0
1506277473,22167784,284.05,2.35045489,0
1506277462,22167780,284.04,0.23000000,0
1506277462,22167779,283.85,0.03327000,0
1506277450,22167772,283.85,1.00000000,0
1506277439,22167764,283.80,1.00000000,0
1506277439,22167763,283.70,0.00031715,0
1506277433,22167762,283.66,6.33580912,1
1506277400,22167749,283.48,0.48147793,0
1506277400,22167748,283.47,0.23000000,0
1506277395,22167747,283.48,1.57964194,0
1506277395,22167746,283.49,7.13963456,0
1506277251,22167688,283.69,0.17086128,0
1506277236,22167685,282.21,0.66776261,1
1506277236,22167684,282.31,0.70674082,1
1506277236,22167683,282.31,0.01785272,1
1506277235,22167681,282.39,0.03000000,1
1506277235,22167680,282.55,0.05000000,1
1506277235,22167678,282.61,0.06439970,1
1506277234,22167677,282.64,0.03000000,1
1506277234,22167676,282.64,0.29192636,0
1506277234,22167675,282.75,31.42074776,0
1506277231,22167674,282.68,2.60000000,1
1506277231,22167673,282.70,0.99968285,1
1506277224,22167672,282.84,0.03000000,1
1506277224,22167671,282.99,0.03000000,1
1506277224,22167670,283.00,1.00000000,1
1506277177,22167655,283.00,1.00000000,1
1506277172,22167653,283.01,0.79787562,1
1506276986,22167602,283.01,0.45000000,1
1506276948,22167594,283.01,8.75212438,1
1506276948,22167593,283.03,0.01777197,1
1506276948,22167592,283.04,0.06429732,1
1506276947,22167591,283.06,0.06429732,1
1506276947,22167590,283.08,0.03000000,1
1506276946,22167589,283.33,0.03000000,1
1506276946,22167588,283.53,0.03000000,1
1506276946,22167587,283.68,0.03000000,1
1506276945,22167584,283.69,0.11270000,1
1506276838,22167552,283.70,0.99968285,0
1506276762,22167520,283.44,2.49999981,1
1506276762,22167518,283.51,0.06419527,1
1506276762,22167516,283.57,0.52674692,1
1506276739,22167497,283.57,1.00000000,1
1506276728,22167494,283.57,0.72040900,1
1506276716,22167491,283.75,0.01772687,1
1506276716,22167490,283.77,0.03956354,1
1506276716,22167489,283.83,0.03000000,1
1506276716,22167488,283.98,0.03000000,1
1506276715,22167487,283.99,1.00000000,1
1506276637,22167449,284.01,0.23000000,1
1506276629,22167448,284.00,0.23000000,1
1506276619,22167446,284.01,0.23000000,1
1506276612,22167445,284.00,0.23000000,1
1506276590,22167437,283.99,0.23000000,1
1506276582,22167436,283.99,0.23000000,1
1506276561,22167427,283.99,0.23000000,1
1506276523,22167419,283.77,0.35713700,1
1506276523,22167418,283.79,0.23000000,1
1506276292,22167351,284.00,5.00000000,1
1506276275,22167347,283.77,0.90329946,1
1506276275,22167346,283.88,0.03000000,1
1506276275,22167345,283.96,0.06669954,1
1506276265,22167341,284.00,1.22000000,1
1506276265,22167340,284.00,0.10710032,1
1506276265,22167339,284.01,0.23000000,1
1506276255,22167327,284.00,11.88941700,1
1506276248,22167322,284.00,2.32710000,1
1506276243,22167304,284.00,0.21000000,1
1506276242,22167303,284.00,6.46638268,1
1506276241,22167302,284.00,1.90000000,1
1506276241,22167301,284.01,0.23000000,1
1506276241,22167300,284.05,1.25361732,1
1506276231,22167294,284.00,4.00000000,1
1506276230,22167293,284.03,0.03000000,1
1506276230,22167292,284.03,0.26402873,1
1506276230,22167291,284.30,2.76848150,1
1506276229,22167290,284.30,7.27097854,1
1506276229,22167289,284.31,2.76848146,1
1506276206,22167261,284.05,5.00000000,1
1506276204,22167255,284.05,0.30000000,1
1506276195,22167243,284.05,2.12869000,1
1506276195,22167242,284.05,0.23000000,1
1506276192,22167238,284.91,2.76848146,0
1506276190,22167232,284.92,10.48266617,0
1506276170,22167204,284.03,5.00000000,1
1506276164,22167195,284.02,5.45091812,1
1506276164,22167194,284.04,0.04915476,1
1506276164,22167192,284.04,4.49992712,1
1506276163,22167187,284.04,0.27000000,1
1506276162,22167186,284.01,1.62000000,1
1506276162,22167184,284.01,3.15000000,1
1506276160,22167180,284.04,0.23000000,1
1506276156,22167178,284.30,3.11003891,1
1506276156,22167177,284.34,0.23000000,1
1506276146,22167175,284.34,6.25921796,1
1506276132,22167170,284.30,6.02115208,1
1506276132,22167169,284.39,1.49312226,1
1506276132,22167168,284.51,7.02000000,1
1506276132,22167167,284.96,0.23000000,1
1506276121,22167155,284.90,1.00000000,1
1506276121,22167154,284.90,0.97000000,1
1506276120,22167153,284.95,1.00000000,1
1506276115,22167148,285.00,0.10332632,1
1506276111,22167145,285.36,0.03513877,1
1506276098,22167139,285.36,0.05345108,1
1506276098,22167137,285.36,0.08858985,1
1506276097,22167135,285.36,0.08795907,1
1506276093,22167123,285.00,2.46000000,1
1506276093,22167122,285.36,0.23000000,1
1506276082,22167107,285.35,6.83800000,1
1506276077,22167099,285.54,0.27000000,1
1506276075,22167096,285.80,0.00000041,1
1506276034,22167044,286.00,10.00000000,1
1506275923,22166990,286.19,2.55128577,1
1506275923,22166989,286.20,10.48000000,1
1506275923,22166987,286.21,2.86902389,1
1506275901,22166935,286.61,0.40000000,1
1506275901,22166934,286.62,1.04483288,1
1506275834,22166910,286.55,0.50000000,0
1506275834,22166909,286.29,0.19448825,0
1506275833,22166908,286.25,0.50000000,0
1506275833,22166907,286.24,0.23000000,0
1506275810,22166903,286.07,1.00000000,1
1506275681,22166873,286.29,0.85156070,0
1506275681,22166872,286.28,1.28312930,0
1506275681,22166871,286.18,0.23000000,0
1506275642,22166859,286.19,1.58571600,0
1506275633,22166852,285.99,0.80000000,0
1506275633,22166851,285.96,0.23000000,0
1506275556,22166789,286.01,0.21884530,1
1506275555,22166788,286.01,2.55000000,1
1506275554,22166787,286.00,0.10000000,0
1506275552,22166786,285.99,2.87675389,0
1506275552,22166785,285.95,0.20000000,0
1506275552,22166784,285.93,0.26900000,0
1506275542,22166780,285.80,1.67876100,1
1506275474,22166761,285.80,0.42654824,1
1506275433,22166750,285.80,2.39469035,1
1506275404,22166742,285.48,4.95506876,0
1506275395,22166738,285.48,0.04493124,0
1506275395,22166737,285.48,0.00027370,0
1506275376,22166734,285.48,1.65608704,0
1506275364,22166725,285.09,4.51000000,1
1506275361,22166724,285.08,5.00000000,1
1506275359,22166723,285.48,3.10943600,0
1506275357,22166722,285.48,0.23420326,0
1506275357,22166721,285.48,4.68094574,0
1506275348,22166717,285.48,0.26900000,1
1506275348,22166716,285.68,0.05005426,1
1506275193,22166688,286.00,1.04604895,1
1506275110,22166666,286.02,1.20928606,0
1506275078,22166662,286.02,0.28676189,1
1506274911,22166614,286.02,2.58999200,1
1506274851,22166582,286.43,0.66351906,1
1506274850,22166581,286.43,0.11170000,1
1506274827,22166576,286.43,18.18030000,1
1506274826,22166575,286.44,0.11170000,1
1506274824,22166572,286.45,1.20749158,0
1506274818,22166570,286.43,1.04448094,0
1506274743,22166555,286.42,2.25197200,0
1506274733,22166552,286.37,0.08826311,0
1506274733,22166551,286.16,0.00000023,0
1506274733,22166550,286.00,1.95645991,0
1506274654,22166542,286.00,0.89073500,0
1506274602,22166537,286.00,2.33571996,0
1506274583,22166528,286.00,0.07564913,0
1506274512,22166515,286.00,27.44143600,0
1506274512,22166514,285.99,0.11140000,0
1506274502,22166510,285.98,0.87094100,0
1506274472,22166506,285.70,0.11140000,1
1506274344,22166470,285.72,4.51000000,1
1506274341,22166469,285.99,2.37618900,0
1506274341,22166468,285.98,0.31150465,0
1506274300,22166453,285.99,0.17381100,0
1506274290,22166450,286.00,0.31150465,0
1506274287,22166449,285.98,2.81000000,0
1506274279,22166447,285.99,3.04000000,0
1506274022,22166380,285.68,2.81000000,1
1506274022,22166379,285.69,0.23000000,1
1506274017,22166377,286.15,0.22999500,0
1506274013,22166375,285.66,3.04000000,1
1506273937,22166360,286.16,0.54541973,0
1506273937,22166359,286.10,0.00000023,0
1506273928,22166356,286.10,2.71279600,0
1506273920,22166355,286.09,2.86530653,0
1506273920,22166354,286.08,0.08836818,0
1506273920,22166353,285.99,0.05000000,0
1506273920,22166352,285.98,9.77617247,0
1506273849,22166337,285.56,8.13430315,0
1506273849,22166336,285.61,1.65294661,1
1506273749,22166314,285.40,0.26127882,1
1506273749,22166313,285.51,0.08836818,1
1506273739,22166310,285.51,0.08826311,1
1506273701,22166298,285.51,0.50000000,1
1506273667,22166293,285.99,0.19654824,0
1506273665,22166292,285.93,0.23000000,0
1506273457,22166223,285.97,2.87460900,0
1506273452,22166222,285.99,10.01620200,0
1506273452,22166221,285.98,1.16000000,0
1506273452,22166220,285.80,0.23000000,0
1506273390,22166211,285.82,0.03482409,0
1506273268,22166195,285.24,0.45000000,0
1506273051,22166165,285.21,4.01647832,1
1506272933,22166104,286.10,0.79720377,0
1506272931,22166103,286.09,0.23000000,0
1506272776,22166073,286.10,0.03447746,1
1506272776,22166072,286.10,0.96552254,1
1506272773,22166071,286.16,1.00672363,0
1506272772,22166070,286.16,2.05161732,0
1506272761,22166066,286.16,0.41623909,0
1506272761,22166065,286.16,0.12576091,0
1506272733,22166062,286.16,3.02062755,0
1506272727,22166058,286.16,0.67313299,0
1506272717,22166053,286.17,0.20047855,1
1506272714,22166051,286.17,0.79952145,1
1506272714,22166050,286.19,1.04448094,1
1506272714,22166049,286.20,0.10289308,1
1506272714,22166048,286.22,2.07310453,1
1506272677,22166040,286.22,0.79220200,1
1506272658,22166030,286.83,0.17390092,0
1506272614,22166016,287.15,0.52336660,0
1506272614,22166015,287.14,2.85613624,0
1506272612,22166013,286.20,1.16386376,1
1506272612,22166012,286.78,2.85613624,1
1506272605,22166008,287.17,4.69501785,1
1506272604,22166006,287.17,1.00000000,0
1506272598,22166005,286.76,0.11140000,0
1506272598,22166004,287.09,0.29222740,1
1506272597,22166003,287.09,0.69765956,1
1506272597,22166002,287.09,0.30234044,1
1506272597,22166001,287.13,1.04105817,0
1506272597,22166000,287.10,0.03447746,0
1506272596,22165998,287.09,1.09412011,1
1506272594,22165993,287.09,2.85905004,0
1506272590,22165991,286.85,0.23000000,1
1506272589,22165988,287.10,0.96552254,0
1506272589,22165987,287.10,0.19389926,1
1506272588,22165986,287.09,0.03000000,0
1506272588,22165985,286.90,1.00000000,0
1506272588,22165984,286.86,2.98000000,0
1506272587,22165983,286.85,7.72420991,1
1506272587,22165981,286.44,0.03000000,0
1506272585,22165979,286.24,0.03000000,0
1506272585,22165978,286.09,0.03000000,0
1506272584,22165975,286.05,0.08808163,0
1506272584,22165974,286.00,0.93282782,0
1506272582,22165971,285.87,0.23000000,0
1506272580,22165969,285.88,0.26900000,0
1506272498,22165948,286.00,10.85276368,0
1506272497,22165947,285.94,0.08823632,0
1506272497,22165946,285.91,0.23000000,0
1506272491,22165944,285.91,0.20000000,0
1506272475,22165941,285.93,1.51673095,0
1506272472,22165940,286.00,0.48980334,0
1506272471,22165939,286.00,6.92442933,0
1506272471,22165938,285.99,2.09797545,0
1506272471,22165937,285.82,0.27970000,0
1506272471,22165936,285.66,0.08785086,0
1506272471,22165935,285.65,0.10327196,0
1506272471,22165934,285.37,5.00000000,0
1506272471,22165933,285.37,5.00000000,0
1506272470,22165932,285.15,1.52197000,0
1506272467,22165930,285.15,3.47803000,0
1506272459,22165927,285.15,4.44094086,0
1506272459,22165926,285.15,0.10327196,1
1506272458,22165925,285.17,0.27970000,1
1506272458,22165924,285.37,0.08823632,1
1506272458,22165923,285.37,0.08785086,1
1506272433,22165914,285.37,0.00000003,0
1506272431,22165913,285.37,1.47943300,0
1506272431,22165912,285.37,0.61435600,0
1506272431,22165911,285.37,2.90621097,0
1506272431,22165910,285.37,2.89745803,0
1506272429,22165909,284.99,2.29769543,0
1506272429,22165908,285.04,0.10330457,1
1506272429,22165907,285.14,0.14000000,1
1506272429,22165906,285.15,0.23000000,1
1506272428,22165905,285.32,0.26900000,1
1506272423,22165903,285.37,2.10254197,1
1506272419,22165902,285.40,5.00000000,1
1506272411,22165898,286.00,6.85999819,0
1506272411,22165897,285.92,0.09800000,0
1506272411,22165896,285.90,0.23000000,0
1506272411,22165895,285.89,0.14140181,0
1506272411,22165894,285.88,1.01000000,0
1506272381,22165886,286.00,1.13051215,0
1506272381,22165885,285.99,2.09797545,0
1506272380,22165884,285.98,0.23000000,0
1506272380,22165883,285.96,2.84721240,0
1506272355,22165880,286.00,4.11180584,0
1506272355,22165879,286.00,3.37328672,0
1506272354,22165878,285.99,3.54000000,0
1506272354,22165877,285.89,0.23000000,0
1506272351,22165876,285.88,1.18593482,0
1506272321,22165868,285.48,0.12759819,0
1506272321,22165867,285.26,0.32562608,0
1506272303,22165861,285.26,1.60687900,0
1506272287,22165808,285.09,1.00000000,1
1506272279,22165798,285.26,0.19409938,0
1506272277,22165794,285.26,1.27533100,0
1506272274,22165792,285.27,0.26900000,1
1506272274,22165791,285.34,0.34906454,1
1506272200,22165778,285.06,3.04000000,1
1506272199,22165777,285.98,1.06725300,0
1506272186,22165773,286.00,1.32671328,0
1506272186,22165772,286.00,7.00000000,0
1506272186,22165771,285.95,1.00000000,0
1506272185,22165770,285.94,15.56500000,1
1506272185,22165769,285.90,0.97000000,0
1506272185,22165768,285.76,0.08811669,0
1506272184,22165767,285.70,7.02000000,0
1506272184,22165766,285.48,0.03000000,0
1506272182,22165763,285.32,0.27960000,0
1506272049,22165737,284.92,0.31000000,0
1506272046,22165732,284.92,0.31007508,0
1506272042,22165726,284.92,4.06992492,0
1506272041,22165725,284.92,0.31000000,0
1506271886,22165684,284.94,2.04040000,0
1506271885,22165683,284.94,0.27960000,1
1506271885,22165682,284.96,0.23000000,1
1506271824,22165670,285.46,8.15555500,0
1506271824,22165669,285.27,0.02000000,0
1506271824,22165668,285.26,0.23000000,0
1506271813,22165665,285.12,3.76294192,0
1506271750,22165659,284.39,0.64258496,1
1506271749,22165658,284.39,2.81646122,1
1506271748,22165657,284.40,1.00000000,1
1506271748,22165656,284.47,0.01768201,1
1506271748,22165655,284.73,0.02600084,1
1506271748,22165654,284.90,0.03000000,1
1506271689,22165651,285.11,1.69334643,0
1506271631,22165643,284.92,1.62600000,1
1506271594,22165639,285.12,0.02956650,0
1506271585,22165635,285.06,0.02000000,1
1506271584,22165634,285.12,1.20749158,1
1506271561,22165627,285.73,3.79274139,0
1506271560,22165626,285.48,0.08783618,0
1506271505,22165612,284.98,2.40581640,0
1506271505,22165611,284.98,0.03000000,1
1506271505,22165610,285.12,0.10000000,1
1506271504,22165609,285.40,0.99418360,1
1506271503,22165607,285.40,1.00000000,0
1506271395,22165592,285.00,31.30214035,1
1506271395,22165591,285.19,0.08808163,1
1506271395,22165590,285.20,0.23000000,1
1506271385,22165587,285.19,0.08811669,1
1506271385,22165586,285.19,0.08783583,1
1506271385,22165585,285.22,0.23000000,1
1506271368,22165565,285.83,4.01647832,0
1506271351,22165559,285.19,0.00000035,0
1506271332,22165550,285.19,2.81574400,0
1506271330,22165549,285.24,3.64000000,1
1506271330,22165548,285.25,10.70963318,1
1506271214,22165525,285.89,1.00000000,0
1506271211,22165524,285.09,3.93667178,0
1506271210,22165523,285.38,0.03000000,1
1506271210,22165522,285.63,0.03000000,1
1506271210,22165521,285.83,0.03000000,1
1506271166,22165511,285.98,0.03000000,1
1506271140,22165506,286.00,3.00000000,1
1506271140,22165505,286.00,2.15853107,1
1506271140,22165504,286.05,0.23000000,1
1506271098,22165498,286.00,3.16189602,1
1506271097,22165497,286.01,2.09745391,1
1506271097,22165496,286.21,0.06393907,1
1506271097,22165495,286.25,0.23000000,1
1506271075,22165470,286.48,32.07397972,0
1506271050,22165468,286.48,0.12800000,1
1506271028,22165463,286.82,0.42088551,1
1506270988,22165453,286.89,1.31545320,0
1506270988,22165451,286.89,0.26700000,0
1506270869,22165400,286.82,1.78080900,1
1506270867,22165398,286.81,1.82497727,0
1506270866,22165396,286.81,0.26700000,0
1506270819,22165390,286.50,0.22836911,1
1506270819,22165389,286.51,0.06387212,1
1506270819,22165388,286.52,0.23000000,1
1506270819,22165387,286.58,0.03000000,1
1506270712,22165368,286.60,1.65952576,1
1506270712,22165367,286.61,0.23000000,1
1506270680,22165359,286.60,3.34047424,1
1506270680,22165358,286.63,1.99352576,1
1506270680,22165357,286.64,7.02000000,1
1506270679,22165356,286.65,0.23000000,1
1506270653,22165349,286.61,1.46585517,1
1506270652,22165348,286.61,2.18801669,1
1506270652,22165347,286.63,0.26700000,1
1506270652,22165346,286.76,0.03000000,1
1506270652,22165345,286.81,0.06380531,1
1506270638,22165339,286.81,0.42545263,0
1506270636,22165337,286.91,0.00000017,1
1506270559,22165316,286.91,0.02999983,1
1506270559,22165315,286.91,1.04105817,1
1506270520,22165305,287.00,5.00000000,1
1506270498,22165300,287.02,0.10000000,1
1506270448,22165296,286.93,0.53772633,1
1506270448,22165295,286.93,5.16127367,1
1506270445,22165293,286.93,1.85872633,1
1506270444,22165292,287.11,0.06373864,1
1506270444,22165291,287.12,0.07753503,1
1506270292,22165241,287.50,2.27796255,1
1506270230,22165205,287.45,1.68289142,0
1506270230,22165204,287.44,0.76124603,0
1506270230,22165203,287.42,0.27790000,0
1506270204,22165198,287.12,2.01210497,1
1506270204,22165197,287.13,0.76124603,1
1506270204,22165196,287.14,0.23000000,1
1506270114,22165183,287.14,2.13692295,0
1506270113,22165182,287.13,0.27790000,1
1506270105,22165179,287.14,0.27790000,0
1506270103,22165178,287.14,2.08963500,1
1506270103,22165177,287.22,0.84429804,1
1506270065,22165159,287.27,1.01475200,1
1506269852,22165114,287.80,5.00000000,1
1506269803,22165110,287.53,1.00000000,1
1506269742,22165096,288.00,15.21464632,0
1506269742,22165095,287.99,3.35000000,0
1506269742,22165094,287.99,0.03000000,0
1506269742,22165093,287.98,1.13535368,0
1506269741,22165092,287.95,0.04000000,0
1506269741,22165091,287.94,0.23000000,0
1506269658,22165083,287.21,1.13535368,0
1506269656,22165081,287.41,0.06464632,1
1506269650,22165080,287.91,0.03000000,0
1506269650,22165079,287.84,0.02999961,0
1506269650,22165078,287.82,1.00194796,0
1506269650,22165077,287.82,0.03000000,0
1506269650,22165076,287.66,0.23000000,0
1506269639,22165072,287.81,2.84545256,0
1506269639,22165071,287.69,0.06454799,0
1506269639,22165070,287.67,0.03000000,0
1506269629,22165066,287.64,0.03000000,0
1506269629,22165065,287.60,0.03000000,0
1506269629,22165064,287.58,0.00000012,0
1506269629,22165063,287.37,0.03476383,0
1506269629,22165062,287.14,2.08964000,0
1506269627,22165060,287.14,2.35561171,0
1506269624,22165058,287.14,0.55474829,0
1506269623,22165057,287.14,0.26596560,0
1506269623,22165056,287.13,2.08964581,0
1506269623,22165054,286.88,0.00000030,0
1506269606,22165048,286.88,4.99999970,0
1506269606,22165047,286.87,0.03700000,0
1506269606,22165046,286.86,0.29365830,0
1506269599,22165045,286.86,0.23161232,0
1506269580,22165034,286.85,0.24070000,0
1506269577,22165027,286.86,1.04373200,0
1506269576,22165024,286.86,3.43099738,0
1506269572,22165023,287.14,0.03640000,0
1506269571,22165022,286.86,4.93523617,0
1506269570,22165021,286.96,0.03000000,1
1506269570,22165020,287.08,0.03476383,1
1506269566,22165014,287.14,3.92997700,0
1506269564,22165013,287.14,0.04944200,0
1506269558,22165011,287.14,0.23300000,0
1506269556,22165010,287.14,0.23300000,0
1506269548,22165008,287.15,0.25221540,1
1506269545,22165007,287.15,5.00000000,1
1506269542,22165006,287.15,5.00000000,1
1506269537,22165003,287.15,5.00000000,1
1506269534,22165001,287.15,5.00000000,1
1506269532,22164998,287.15,5.00000000,1
1506269529,22164994,287.15,5.00000000,1
1506269526,22164993,287.15,5.00000000,1
1506269523,22164992,287.15,4.42684744,1
1506269523,22164991,287.17,0.57315256,1
1506269519,22164989,287.17,2.27230000,1
1506269519,22164988,287.18,0.27770000,1
1506269516,22164986,287.15,2.46000000,1
1506269516,22164985,287.21,0.03000000,1
1506269516,22164984,287.41,0.03000000,1
1506269516,22164983,287.56,0.03000000,1
1506269512,22164979,287.15,2.55000000,0
1506269512,22164978,287.15,2.31093716,0
1506269509,22164977,287.15,0.11961000,0
1506269504,22164975,287.15,0.11945284,0
1506269410,22164956,287.58,4.99999988,0
1506269410,22164955,287.45,0.03472319,0
1506269410,22164954,287.35,0.10265993,0
1506269410,22164953,287.34,0.03000000,0
1506269410,22164952,287.09,0.03000000,0
1506269382,22164947,287.00,0.00000044,0
1506269239,22164909,287.00,0.99999956,0
1506269239,22164908,286.99,0.38560529,0
1506269239,22164907,286.99,0.27870000,0
1506269239,22164906,286.97,0.02616915,0
1506269235,22164903,286.97,0.03000000,1
1506269166,22164890,286.99,1.39602100,0
1506269164,22164887,286.98,0.23000000,0
1506269033,22164873,286.22,1.78162629,1
1506269033,22164872,286.23,0.27870000,1
1506268959,22164855,286.46,1.94308400,0
1506268959,22164854,286.45,0.23000000,0
1506268951,22164830,286.44,0.17597406,0
1506268951,22164829,286.41,0.23000000,0
1506268951,22164828,286.39,2.55000000,0
1506268951,22164827,286.38,1.45435909,0
1506268938,22164824,286.45,0.03000000,1
1506268896,22164792,286.65,0.03000000,1
1506268879,22164791,286.80,0.03000000,1
1506268838,22164768,286.82,2.84413294,0
1506268834,22164763,286.83,0.19545280,0
1506268833,22164760,286.51,0.23000000,0
1506268621,22164714,286.55,0.03000000,1
1506268545,22164696,286.70,0.03000000,0
1506268545,22164695,286.69,0.03000000,0
1506268476,22164663,286.92,0.57929039,0
1506268475,22164662,286.89,0.03000000,0
1506268475,22164661,286.80,0.00000007,0
1506268475,22164660,286.74,0.03000000,0
1506268473,22164658,286.73,0.23000000,0
1506268464,22164654,286.45,2.26553600,1
1506268463,22164653,286.45,2.00860700,0
1506268463,22164652,286.35,0.23000000,0
1506268341,22164629,286.26,1.75339400,0
1506268246,22164581,285.84,0.69350971,0
1506268242,22164580,285.84,4.03341029,0
1506268239,22164579,285.84,0.04308000,0
1506268188,22164554,285.65,2.83364256,0
1506268180,22164551,285.64,0.01827840,1
1506268165,22164547,285.65,16.91575613,0
1506268165,22164546,285.64,0.04114387,0
1506268162,22164545,285.65,15.57323200,0
1506268158,22164544,285.65,0.23000000,0
1506268153,22164543,285.86,0.23000000,1
1506268150,22164541,285.87,5.00000000,1
1506267976,22164494,286.45,2.99139300,0
1506267973,22164492,286.40,4.74000000,0
1506267970,22164491,286.55,0.03000000,1
1506267970,22164490,286.56,0.23000000,1
1506267939,22164483,286.80,4.89734000,0
1506267922,22164480,286.85,0.10265993,1
1506267916,22164478,286.82,0.04114387,1
1506267916,22164477,286.83,2.84413294,1
1506267916,22164476,286.84,0.03472319,1
1506267916,22164475,286.85,0.03000000,1
1506267915,22164474,287.10,0.03000000,1
1506267915,22164473,287.30,0.03000000,1
1506267915,22164472,287.45,0.03000000,1
1506267905,22164468,287.59,22.62243959,1
1506267894,22164462,287.59,0.20830000,1
1506267887,22164460,287.59,2.83662201,0
1506267887,22164459,287.58,0.23000000,0
1506267720,22164432,287.47,1.74880491,1
1506267669,22164428,287.47,11.99699391,1
1506267669,22164427,287.48,2.08700609,1
1506267660,22164422,287.47,1.71525900,1
1506267656,22164420,287.47,0.19995130,1
1506267655,22164419,287.47,0.02240000,1
1506267654,22164417,287.48,1.00194796,1
1506267654,22164416,287.49,0.00000001,1
1506267653,22164415,287.49,2.83662200,1
1506267646,22164413,287.47,0.25000000,1
1506267646,22164412,287.47,1.00196841,0
1506267646,22164411,287.46,0.23000000,0
1506267641,22164407,286.47,4.51000000,1
1506267621,22164386,287.47,0.03464709,0
1506267621,22164385,287.40,0.03000000,0
1506267620,22164384,287.32,0.01760000,0
1506267620,22164383,287.25,0.03000000,0
1506267619,22164382,287.20,2.08913649,0
1506267619,22164381,287.20,0.23000000,0
1506267603,22164368,287.21,3.05128921,0
1506267602,22164367,287.20,2.84101048,0
1506267602,22164366,286.87,0.03000000,0
1506267602,22164365,286.67,0.03000000,0
1506267602,22164364,286.66,0.03000000,0
1506267602,22164363,286.59,0.01770000,0
1506267602,22164362,286.58,0.00000031,0
1506267577,22164337,286.34,5.00000000,0
1506267576,22164336,286.36,0.21890000,1
1506267575,22164335,286.41,0.03000000,1
1506267575,22164334,286.56,0.03000000,1
1506267574,22164333,286.30,5.00000000,0
1506267570,22164332,286.35,5.00000000,1
1506267550,22164320,286.58,2.82445300,0
1506267506,22164313,286.39,3.04000000,0
1506267506,22164312,286.39,2.44000000,0
1506267500,22164310,286.40,0.60000000,1
1506267361,22164260,286.52,0.03000000,0
1506267361,22164259,286.50,0.00000034,0
1506267359,22164258,286.50,1.26895700,0
1506267357,22164257,286.50,0.59000000,0
1506267357,22164256,286.48,0.03000000,0
1506267357,22164255,286.38,0.03000000,0
1506267357,22164254,286.28,0.03000000,0
1506267357,22164253,285.97,3.96891597,0
1506267323,22164245,285.97,1.00108403,0
1506267314,22164244,285.97,0.03000000,1
1506267299,22164242,285.98,5.00000000,0
1506267295,22164241,285.99,5.00000000,1
1506267292,22164239,285.99,2.38553952,1
1506267292,22164238,286.00,0.27890000,1
1506267292,22164237,286.01,2.33556048,1
1506267288,22164236,285.99,4.97000000,1
1506267288,22164235,286.12,0.03000000,1
1506267227,22164218,286.14,1.40000000,0
1506267226,22164217,286.13,0.34880491,0
1506267115,22164205,285.53,0.50545000,1
1506267104,22164193,286.13,2.47268724,0
1506266997,22164175,286.13,0.01827840,0
1506266956,22164162,286.13,0.03000000,0
1506266956,22164161,286.13,0.03000000,0
1506266956,22164160,286.03,0.03000000,0
1506266955,22164159,286.00,1.58523205,0
1506266936,22164157,286.00,1.16468200,0
1506266935,22164156,285.93,0.03000000,0
1506266933,22164152,285.90,1.20418256,0
1506266933,22164151,285.78,0.03000000,0
1506266925,22164149,285.76,0.03000000,0
1506266925,22164148,285.75,0.03000000,0
1506266925,22164147,285.68,0.27990000,0
1506266924,22164146,285.60,0.03000000,0
1506266903,22164119,285.47,0.08801209,0
1506266827,22164102,285.05,2.12010000,1
1506266827,22164101,285.06,2.37000000,1
1506266827,22164100,285.06,0.27990000,1
1506266827,22164099,285.06,0.23000000,1
1506266706,22164077,285.02,0.96179588,0
1506266694,22164071,285.02,2.07820412,0
1506266657,22164067,284.96,0.02700000,1
1506266405,22164022,284.94,0.42874189,1
1506266398,22164014,285.46,0.17332000,0
1506266325,22164002,284.93,0.27000000,1
1506266325,22164001,285.05,0.03000000,1
1506266322,22164000,285.46,0.05668000,0
1506266288,22163992,285.22,3.65715384,0
1506266287,22163991,285.20,0.20000000,0
1506266282,22163990,285.20,0.03000000,0
1506266204,22163928,285.22,19.93024670,0
1506266204,22163927,285.21,0.05285386,0
1506266163,22163915,285.21,0.17714614,0
1506266141,22163904,285.22,4.41259946,0
1506266141,22163903,285.00,2.57047862,0
1506266136,22163899,285.00,6.74314791,0
1506266136,22163898,284.99,0.23000000,0
1506266132,22163897,285.00,0.15512900,0
1506266124,22163894,285.00,14.24941133,0
1506266124,22163893,284.99,3.01193248,0
1506266121,22163890,285.00,0.05200000,1
1506266030,22163872,285.14,4.98306095,0
1506266017,22163865,285.00,2.80600000,1
1506266014,22163864,285.00,0.05200000,1
1506265982,22163857,285.00,5.00000000,1
1506265980,22163856,285.17,4.73091638,0
1506265980,22163855,285.16,0.23000000,0
1506265970,22163852,285.17,0.12586500,0
1506265936,22163831,284.51,0.03005000,1
1506265935,22163830,285.17,0.26230491,0
1506265935,22163829,285.12,0.23000000,0
1506265931,22163825,285.17,0.09750444,0
1506265931,22163824,285.17,0.32165490,0
1506265930,22163823,285.13,0.59879563,0
1506265905,22163818,285.14,1.74757567,0
1506265905,22163817,284.50,0.00000033,0
1506265898,22163816,284.36,0.02684000,1
1506265894,22163815,284.50,14.05501400,0
1506265874,22163812,284.50,0.52765492,0
1506265863,22163808,284.50,3.41733075,0
1506265852,22163806,285.16,2.10408192,0
1506265852,22163805,284.82,0.23000000,0
1506265852,22163804,284.74,0.08825703,0
1506265852,22163803,284.45,0.08804589,0
1506265843,22163795,284.83,3.36183023,0
1506265841,22163794,284.07,0.04000000,0
1506265840,22163793,284.06,0.27000000,0
1506265837,22163792,283.57,11.75284408,1
1506265836,22163791,283.72,0.04000000,1
1506265836,22163790,283.77,2.00000000,1
1506265836,22163789,283.77,14.00000000,1
1506265836,22163788,283.77,28.37325300,0
1506265835,22163786,283.94,0.04000000,1
1506265835,22163785,284.17,0.08804589,1
1506265835,22163784,284.17,0.08825703,1
1506265834,22163783,284.18,33.36800000,1
1506265834,22163781,284.21,0.27000000,1
1506265834,22163779,284.25,0.23000000,1
1506265833,22163778,284.26,9.74960000,1
1506265789,22163758,285.17,1.24560000,0
1506265789,22163757,284.95,7.02000000,0
1506265786,22163755,284.94,9.74960000,0
1506265785,22163754,284.26,6.35818884,0
1506265784,22163753,284.32,3.61181116,0
1506265783,22163752,284.32,0.03000000,1
1506265783,22163751,284.47,0.22040000,0
1506265748,22163743,284.52,0.03000000,1
1506265655,22163718,284.65,0.05000000,0
1506265639,22163715,284.66,0.03000000,0
1506265581,22163702,284.69,2.25179768,0
1506265463,22163648,284.30,0.67123104,0
1506265463,22163646,284.30,0.26147726,0
1506265463,22163645,284.30,1.43691950,0
1506265460,22163641,284.30,4.07913299,0
1506265458,22163639,284.30,0.00247025,1
1506265457,22163636,284.30,1.24000000,1
1506265456,22163635,284.30,5.77751889,0
1506265456,22163633,284.30,1.24248111,0
1506265449,22163625,284.30,1.43691176,1
1506265380,22163571,284.94,0.26905530,0
1506265369,22163566,284.98,0.07098246,0
1506265369,22163565,284.98,0.26901754,0
1506265368,22163561,285.00,1.24059511,0
1506265365,22163558,285.00,1.23952573,0
1506265362,22163556,284.98,0.26900000,0
1506265359,22163546,284.99,1.09095818,0
1506265350,22163537,284.17,0.81524608,1
1506265350,22163536,284.18,0.23000000,1
1506265344,22163535,284.17,6.77865761,1
1506265343,22163534,284.17,6.15580672,1
1506265343,22163533,284.17,2.44012870,1
1506265343,22163531,284.17,1.15681534,1
1506265342,22163530,284.17,2.36390819,1
1506265342,22163529,284.17,1.40047858,1
1506265340,22163527,284.17,0.50746635,1
1506265340,22163526,284.18,0.28040000,1
1506265340,22163525,284.66,0.23000000,1
1506265339,22163524,284.18,0.34423017,1
1506265339,22163523,284.18,1.25000000,1
1506265338,22163522,284.18,0.55802506,1
1506265337,22163521,284.18,1.94465209,1
1506265337,22163520,284.18,2.11268459,1
1506265336,22163519,284.18,4.32136053,1
1506265336,22163518,284.18,8.06327773,1
1506265336,22163517,284.22,2.89763229,1
1506265336,22163516,284.22,11.10236771,1
1506265335,22163515,284.23,1.00276730,1
1506265335,22163514,284.23,1.10820763,1
1506265335,22163513,284.30,0.03000000,1
1506265335,22163512,284.42,0.26900000,1
1506265335,22163511,284.46,0.42786384,1
1506265334,22163510,284.50,0.03000000,1
1506265334,22163509,284.65,0.03000000,1
1506265276,22163374,284.67,1.53990620,0
1506265276,22163373,284.67,0.42728633,0
1506265276,22163368,284.67,1.24154116,0
1506265276,22163365,284.67,0.42775845,0
1506265271,22163357,284.67,0.42728742,0
1506265269,22163356,284.67,1.24075811,0
1506265268,22163354,284.67,0.21510361,0
1506265267,22163349,284.67,0.08269863,0
1506265267,22163347,284.67,1.24075620,0
1506265267,22163346,284.67,0.45701805,0
1506265265,22163341,284.69,0.23000000,1
1506265265,22163340,284.70,12.46988584,1
1506265257,22163338,285.00,0.10000000,0
1506265186,22163302,285.17,3.95366399,0
1506265131,22163278,285.17,3.90620014,0
1506265131,22163277,285.16,0.23000000,0
1506265131,22163276,285.16,2.10408192,0
1506265122,22163273,285.17,1.47800000,0
1506265120,22163269,285.17,0.10443894,0
1506265106,22163256,285.17,0.03000000,1
1506265070,22163204,285.20,1.21635797,0
1506265063,22163197,285.20,5.22194720,0
1506265052,22163189,285.20,1.29493948,0
1506265050,22163185,285.20,1.48983169,0
1506265031,22163130,285.20,1.65040917,0
1506265031,22163129,285.20,1.69785072,0
1506265026,22163126,285.20,4.88987962,0
1506265026,22163125,285.19,0.27980000,0
1506265019,22163123,285.20,1.33278877,0
1506264992,22163107,285.19,0.22999500,0
1506264980,22163099,285.20,1.20599538,0
1506264980,22163097,285.19,0.23000000,0
1506264895,22163075,285.19,11.05000000,1
1506264895,22163074,285.20,20.00000000,0
1506264869,22163048,285.44,0.22999500,0
1506264789,22163024,285.45,0.49755608,0
1506264789,22163023,285.04,0.70620500,0
1506264763,22163015,285.04,0.27979500,1
1506264761,22163014,285.04,0.00000500,0
1506264748,22163013,285.04,0.91499500,0
1506264667,22162990,285.46,0.72917800,0
1506264667,22162989,285.04,0.86455800,0
1506264610,22162982,285.04,0.22044200,0
1506264545,22162971,285.07,6.72188752,0
1506264504,22162961,285.13,0.21000000,0
1506264383,22162936,284.51,1.54244249,0
1506264383,22162935,284.55,2.10856594,1
1506264383,22162934,284.81,0.03000000,1
1506264382,22162933,284.90,0.70049297,1
1506264382,22162932,285.06,0.03000000,1
1506264380,22162931,285.26,0.03000000,1
1506264347,22162923,285.38,0.03000000,0
1506264325,22162917,285.43,1.07035435,0
1506264320,22162912,285.43,0.17538979,0
1506264314,22162911,285.44,0.83765997,0
1506264314,22162910,285.44,1.26435797,0
1506264314,22162909,285.19,0.08790668,0
1506264312,22162907,284.90,0.08783641,0
1506264311,22162906,284.89,0.27970000,1
1506264311,22162905,284.88,0.26824482,0
1506264309,22162904,284.89,1.91945639,0
1506264303,22162901,283.62,2.77154131,1
1506264298,22162900,283.59,0.30111211,0
1506264297,22162899,283.60,0.26500000,1
1506264291,22162896,284.02,1.76000000,1
1506264286,22162894,284.01,0.27970000,0
1506264285,22162892,284.01,0.31686000,1
1506264285,22162891,284.58,0.08790668,0
1506264285,22162890,284.62,0.08783641,1
1506264284,22162889,284.62,0.08801209,1
1506264282,22162887,284.01,1.15273592,1
1506264282,22162885,284.00,1.84289426,1
1506264282,22162882,284.00,0.27930000,0
1506264281,22162881,283.46,4.44803758,1
1506264280,22162878,283.46,2.66196242,1
1506264279,22162875,283.47,1.12247271,1
1506264274,22162867,284.00,1.00000000,1
1506264274,22162865,284.01,2.15603900,0
1506264274,22162863,284.01,1.92863162,0
1506264271,22162862,284.01,2.17000000,1
1506264270,22162861,284.60,1.00000000,1
1506264268,22162858,284.62,9.47000000,0
1506264267,22162857,284.62,0.74533071,1
1506264267,22162856,284.62,1.35830541,1
1506264267,22162855,284.62,1.23000000,1
1506264267,22162854,284.62,0.27930000,1
1506264266,22162853,284.63,5.00000000,1
1506264266,22162852,284.85,4.47000000,1
1506264264,22162850,284.85,1.00000000,0
1506264262,22162845,285.89,4.84000000,0
1506264262,22162843,284.61,1.00306767,1
1506264261,22162841,284.85,1.00000000,1
1506264261,22162840,284.90,1.00000000,1
1506264259,22162837,285.90,0.26700000,0
1506264258,22162834,286.99,3.66406601,1
1506264258,22162833,286.99,6.09798000,1
1506264258,22162832,286.99,0.34921605,1
1506264258,22162831,286.99,7.11000000,1
1506264257,22162823,286.87,12.00000000,0
1506264257,22162822,286.87,5.50000000,1
1506264257,22162820,286.87,4.84000000,1
1506264256,22162819,286.87,1.13995500,1
1506264256,22162818,286.87,2.62422800,1
1506264256,22162816,286.87,0.23000000,1
1506264255,22162810,286.55,4.77000000,0
1506264255,22162806,286.50,1.02765403,0
1506264255,22162803,286.50,1.00500000,1
1506264254,22162800,286.39,0.03000000,0
1506264254,22162799,286.38,0.03000000,0
1506264254,22162798,286.37,0.68000000,1
1506264254,22162797,286.37,3.40000000,1
1506264253,22162796,286.19,0.03000000,0
1506264253,22162795,286.04,0.03000000,0
1506264252,22162794,285.90,1.00000000,0
1506264252,22162793,285.85,1.00000000,0
1506264252,22162792,285.60,1.00000000,0
1506264252,22162791,285.60,1.21552202,0
1506264251,22162790,285.23,0.03000000,0
1506264251,22162789,285.03,0.03000000,0
1506264250,22162788,285.00,26.00000000,0
1506264250,22162787,285.00,1.00000000,0
1506264250,22162786,284.88,0.03000000,0
1506264250,22162785,284.86,0.08795465,0
1506264249,22162784,284.58,0.08791944,0
1506264249,22162783,284.52,0.99500000,1
1506264249,22162782,284.52,0.23000000,0
1506264212,22162747,284.54,0.30449500,0
1506264179,22162732,284.56,0.37978413,0
1506264178,22162731,284.00,0.81900000,0
1506264168,22162730,284.56,0.23394980,0
1506264168,22162729,284.56,1.87456861,0
1506264168,22162728,284.29,0.08795465,0
1506264168,22162727,284.00,1.04000000,0
1506264168,22162726,284.00,0.50000000,0
1506264157,22162724,283.89,2.45925800,1
1506264154,22162721,283.51,3.34424794,1
1506264154,22162720,283.51,0.06454799,1
1506264153,22162719,283.58,0.50142816,1
1506264081,22162697,283.98,0.02042668,0
1506264081,22162696,283.98,0.16710000,0
1506264078,22162693,283.98,0.89047332,0
1506264078,22162692,283.95,0.16707022,0
1506264046,22162648,283.57,0.70599500,1
1506264040,22162625,283.58,0.04727313,1
1506264039,22162624,283.62,0.03000000,1
1506264039,22162623,283.75,0.01772687,1
1506264039,22162622,283.77,0.03000000,1
1506264020,22162614,284.00,1.26728634,0
1506264020,22162613,284.00,4.26198324,0
1506264000,22162562,283.79,1.74721000,1
1506263984,22162546,284.00,0.24302784,0
1506263984,22162545,283.99,0.03223416,0
1506263952,22162533,283.99,1.03076584,0
1506263947,22162530,284.00,0.71990000,0
1506263947,22162529,283.99,0.28010000,0
1506263937,22162518,284.01,0.08791944,1
1506263936,22162517,284.01,0.08795465,1
1506263936,22162516,284.01,0.08795465,1
1506263867,22162478,284.01,3.02627724,1
1506263867,22162477,284.02,0.28010000,0
1506263862,22162476,284.01,7.11000000,1
1506263861,22162475,284.19,0.03000000,1
1506263861,22162474,284.32,0.03000000,1
1506263861,22162473,284.39,0.03000000,1
1506263860,22162472,284.54,0.03000000,1
1506263800,22162451,285.00,2.00000000,1
1506263580,22162411,284.56,13.64630496,1
1506263400,22162342,285.60,0.40674189,0
1506263399,22162341,284.95,0.02200000,0
1506263366,22162325,284.95,3.55539337,0
1506263366,22162323,284.95,6.44460663,0
1506263366,22162322,284.95,0.97800000,0
1506263366,22162321,284.94,3.55540663,0
1506263357,22162317,284.95,10.09089833,1
1506263357,22162315,284.19,18.06405797,0
1506263357,22162314,284.20,0.38000000,0
1506263356,22162313,284.77,12.00000000,1
1506263356,22162312,284.78,1.91000000,1
1506263356,22162311,284.82,0.05000000,1
1506263356,22162310,284.94,0.85202175,1
1506263354,22162309,284.95,3.55540663,1
1506263261,22162289,285.60,3.91022409,0
1506263215,22162280,285.60,0.02241700,0
1506263203,22162272,285.60,0.44509500,0
1506263203,22162271,285.59,0.03490500,0
1506263198,22162268,285.99,0.76137000,1
1506263198,22162267,285.90,0.26700000,0
1506263150,22162241,285.29,9.75926833,1
1506263105,22162231,285.26,1.25132900,1
1506263099,22162228,285.28,1.09300000,1
1506263099,22162227,285.54,0.03000000,1
1506263097,22162226,285.69,0.26700000,1
1506263097,22162224,285.79,0.03000000,1
1506263097,22162222,285.99,0.03000000,1
1506263094,22162218,286.11,0.03490000,0
1506263093,22162217,286.11,3.15977609,1
1506263093,22162216,286.11,7.11000000,1
1506263092,22162213,286.11,2.44000000,0
1506263091,22162212,286.11,4.66950509,0
1506263080,22162207,286.11,2.44049491,0
1506263055,22162201,286.10,0.03000000,0
1506263021,22162190,286.16,65.86414034,0
1506263021,22162189,286.16,7.11000000,1
1506263021,22162188,286.15,3.10000000,0
1506263021,22162187,286.13,0.03000000,0
1506263020,22162186,286.13,3.99542400,1
1506263020,22162185,286.11,7.11000000,0
1506263020,22162184,285.93,0.03000000,0
1506263018,22162183,285.78,0.03000000,0
1506262967,22162163,284.95,0.15131058,1
1506262937,22162158,285.75,2.65312162,1
1506262936,22162157,285.75,2.05389500,0
1506262900,22162151,284.71,0.00000500,0
1506262826,22162138,284.58,0.03000000,1
1506262768,22162130,284.37,5.00000000,1
1506262765,22162129,284.36,3.77876426,1
1506262765,22162128,284.41,0.06434373,1
1506262765,22162127,284.47,0.01768201,1
1506262765,22162125,284.52,0.03000000,1
1506262765,22162124,284.67,0.03000000,1
1506262765,22162123,284.68,1.00000000,1
1506262765,22162122,284.70,0.07921000,1
1506262760,22162118,284.71,4.99999500,0
1506262760,22162117,284.71,5.00000000,0
1506262751,22162107,284.69,7.97610500,0
1506262749,22162104,284.70,10.00000000,0
1506262741,22162099,284.71,5.00000000,1
1506262738,22162097,284.72,5.00000000,1
1506262731,22162096,284.69,5.00000000,1
1506262728,22162093,284.69,5.00000000,1
1506262726,22162090,284.69,5.00000000,1
1506262723,22162085,284.69,5.00000000,1
1506262720,22162084,284.66,5.00000000,1
1506262717,22162083,284.64,5.00000000,1
1506262714,22162082,284.65,5.00000000,1
1506262705,22162080,284.54,0.00000572,0
1506262704,22162079,284.55,4.99999428,1
1506262704,22162078,286.17,4.36017052,1
1506262703,22162077,285.61,3.69000000,0
1506262703,22162076,285.60,2.10084034,0
1506262703,22162075,285.54,8.01400000,0
1506262702,22162074,285.52,5.00000000,1
1506262701,22162072,285.52,13.64630496,1
1506262699,22162070,284.56,5.00000000,1
1506262696,22162065,284.55,5.00000000,1
1506262695,22162064,284.55,4.53000549,0
1506262694,22162059,284.55,0.46999451,0
1506262694,22162057,284.55,0.00000549,0
1506262693,22162052,284.55,4.99999451,0
1506262689,22162044,284.54,0.64378752,0
1506262687,22162043,284.55,4.35621248,1
1506262684,22162040,284.55,2.71798752,1
1506262684,22162039,284.56,2.28201248,1
1506262682,22162036,284.70,0.00000004,0
1506262682,22162035,284.70,3.47999996,0
1506262680,22162034,284.71,1.52000000,1
1506262677,22162032,284.71,5.00000000,1
1506262673,22162028,284.71,5.00000000,1
1506262670,22162027,284.71,5.00000000,1
1506262667,22162025,284.71,5.00000000,1
1506262664,22162022,284.71,5.00000000,1
1506262661,22162019,284.71,5.00000000,1
1506262659,22162016,284.71,5.00000000,0
1506262659,22162014,284.56,4.62998752,1
1506262659,22162013,284.70,0.37001248,1
1506262658,22162012,284.71,5.00000000,0
1506262658,22162010,284.70,0.27920000,0
1506262655,22162006,284.70,0.64921248,0
1506262650,22161999,284.70,2.85078500,0
1506262650,22161996,284.70,1.49999996,1
1506262650,22161995,284.70,0.00000256,1
1506262649,22161993,284.70,3.79581744,0
1506262647,22161990,284.70,1.20418256,1
1506262640,22161986,284.72,5.00000000,1
1506262636,22161984,284.71,5.00000000,1
1506262633,22161982,284.56,5.00000000,1
1506262630,22161976,284.66,5.00000000,1
1506262627,22161972,284.66,5.00000000,1
1506262624,22161969,284.65,0.00007534,0
1506262624,22161968,284.57,3.44800000,0
1506262624,22161967,284.58,1.55200000,1
1506262623,22161965,284.65,4.99992466,0
1506262623,22161964,284.65,0.00008047,0
1506262620,22161961,284.65,0.15991953,0
1506262618,22161960,284.68,4.84000000,1
1506262615,22161959,284.70,3.78000000,1
1506262615,22161958,284.71,1.22000000,1
1506262611,22161954,284.69,0.61000000,1
1506262611,22161953,284.70,4.39000000,1
1506262608,22161951,284.66,5.00000000,1
1506262607,22161950,286.12,4.39000000,0
1506262604,22161949,284.66,5.00000000,1
1506262601,22161948,284.66,5.00000000,1
1506262597,22161943,284.65,5.00000000,1
1506262595,22161941,284.65,5.00000000,1
1506262570,22161930,284.58,4.97000000,1
1506262570,22161929,284.66,0.03000000,1
1506262567,22161925,284.58,5.00000000,1
1506262547,22161918,284.55,4.72080000,1
1506262547,22161917,284.56,0.27920000,1
1506262533,22161911,286.36,4.70824821,1
1506262533,22161910,286.36,5.00000000,1
1506262532,22161908,286.36,11.27152400,1
1506262530,22161907,286.36,4.84000000,0
1506262530,22161906,286.35,0.27930000,0
1506262530,22161905,284.71,5.00000000,0
1506262530,22161904,284.71,1.12300000,0
1506262529,22161903,284.71,3.64700000,0
1506262528,22161902,284.71,0.23000000,0
1506262524,22161901,284.72,1.33070000,1
1506262524,22161900,284.72,0.03000000,1
1506262524,22161899,284.73,0.27930000,1
1506262524,22161898,284.73,1.34000000,1
1506262524,22161897,284.73,2.02000000,1
1506262498,22161889,284.77,4.77000000,1
1506262498,22161888,284.78,0.23000000,1
1506262486,22161883,285.33,0.72600000,0
1506262483,22161882,285.33,1.14080100,0
1506262476,22161880,285.32,2.52312811,0
1506262476,22161879,284.83,0.00007089,0
1506262475,22161876,284.83,4.70992911,0
1506262473,22161873,284.97,0.03000000,1
1506262472,22161871,285.17,0.03000000,1
1506262472,22161869,285.18,0.23000000,1
1506262453,22161860,285.33,8.64565000,0
1506262453,22161859,285.32,0.24860000,0
1506262443,22161848,285.32,0.03000000,1
1506262442,22161842,285.33,0.32309476,0
1506262442,22161841,285.33,0.23000000,1
1506262407,22161785,285.01,9.00000000,1
1506262405,22161782,285.02,7.11000000,1
1506262405,22161781,285.19,0.01763736,1
1506262405,22161780,285.19,0.44265747,1
1506262404,22161779,285.20,0.23000000,1
1506262396,22161776,285.19,2.05734253,1
1506262396,22161775,285.31,0.06414076,1
1506262396,22161774,285.38,0.23000000,1
1506262396,22161773,285.40,0.27860000,1
1506262396,22161772,285.41,2.36991671,1
1506262340,22161676,285.34,0.27840000,1
1506262339,22161675,285.34,2.72257598,0
1506262337,22161672,285.34,1.50170000,0
1506262333,22161669,285.43,0.58771803,1
1506262333,22161668,286.01,0.18800599,1
1506262290,22161661,286.02,0.23000000,1
1506262257,22161647,286.02,2.36992000,1
1506262255,22161625,286.30,0.43708300,1
1506262254,22161624,286.30,2.36991700,1
1506262246,22161622,286.30,6.19300000,1
1506262238,22161616,286.31,2.26854400,1
1506262220,22161608,286.23,0.26700000,0
1506262176,22161594,286.05,0.94403893,1
1506262176,22161593,286.10,0.71852607,1
1506262176,22161592,286.69,0.26700000,1
1506262173,22161587,286.90,1.24541228,1
1506262171,22161582,286.91,8.30713800,1
1506262170,22161581,286.90,1.40283200,1
1506262170,22161580,286.90,1.69655100,1
1506262161,22161570,286.90,10.29350521,0
1506262161,22161569,286.90,7.75843215,0
1506262160,22161567,286.90,0.78540308,0
1506262159,22161562,286.10,0.98924061,1
1506262159,22161560,286.11,0.70342639,1
1506262158,22161558,286.90,0.78504216,0
1506262158,22161556,286.90,4.75540174,0
1506262157,22161552,286.90,4.40217467,0
1506262156,22161547,286.91,12.94559838,0
1506262155,22161541,286.11,5.94202800,1
1506262154,22161540,286.92,13.64630581,0
1506262154,22161539,286.11,1.42936700,1
1506262154,22161538,286.92,4.75140375,0
1506262151,22161528,286.07,0.27840000,1
1506262146,22161523,286.06,5.57321700,1
1506262144,22161512,286.97,2.88000000,1
1506262138,22161497,286.95,5.08441393,0
1506262138,22161495,286.95,0.37755020,0
1506262137,22161493,286.95,13.07004459,0
1506262137,22161490,286.95,1.26895734,0
1506262135,22161482,286.96,13.06359771,1
1506262131,22161473,286.96,4.75540174,0
1506262127,22161464,286.95,2.18207647,0
1506262127,22161462,286.96,1.28505715,0
1506262089,22161383,286.67,3.39114086,1
1506262088,22161382,286.68,1.11134546,0
1506262085,22161377,286.68,0.41032020,1
1506262080,22161362,286.68,10.41000000,1
1506262080,22161360,286.66,0.12400000,0
1506262076,22161346,286.67,0.54257086,0
1506262076,22161345,286.00,0.10506247,0
1506262076,22161344,286.01,0.12493753,1
1506262075,22161341,286.01,0.53695716,0
1506262072,22161324,286.01,0.12493753,0
1506262070,22161318,286.01,0.38609987,0
1506262068,22161310,286.01,0.12493753,0
1506262067,22161306,285.51,21.20484404,1
1506262067,22161305,285.51,0.23000000,0
1506262066,22161302,285.91,7.11000000,1
1506262066,22161301,285.91,0.01755797,1
1506262066,22161300,286.01,0.69759799,1
1506262064,22161299,286.02,7.54000000,1
1506262048,22161293,286.06,6.87852450,1
1506262048,22161292,286.07,2.84726633,1
1506262048,22161291,286.63,0.01751387,1
1506262030,22161284,286.75,2.06336539,1
1506262025,22161280,286.75,1.86160000,1
1506262022,22161277,286.79,0.12400000,1
1506262017,22161268,287.01,0.09989198,1
1506261984,22161245,287.03,2.05525555,1
1506261959,22161229,287.16,0.40000000,1
1506261955,22161228,287.16,0.38451500,1
1506261761,22161144,288.00,0.00000039,1
1506261759,22161143,288.00,10.70035800,1
1506261758,22161142,288.00,11.84648800,1
1506261757,22161141,288.00,73.34900000,1
1506261756,22161140,287.32,0.26600000,0
1506261756,22161139,287.31,2.83815361,0
1506261745,22161129,286.75,7.30771377,0
1506261745,22161127,286.75,1.86273281,0
1506261744,22161126,287.20,0.23000000,0
1506261605,22161071,286.88,0.68412500,1
1506261605,22161070,287.11,0.26600000,1
1506261595,22161048,287.00,0.24987506,1
1506261595,22161047,287.11,0.03000000,1
1506261592,22161046,287.13,1.80106161,1
1506261578,22161043,287.15,0.91379200,1
1506261578,22161042,287.17,0.23000000,1
1506261574,22161041,287.16,0.12320000,1
1506261573,22161039,287.16,1.84810000,1
1506261569,22161036,287.35,0.12330000,1
1506261524,22161032,288.13,2.00100649,0
1506261509,22161027,287.85,0.23000000,1
1506261508,22161025,287.85,2.59814100,0
1506261508,22161024,287.85,0.23000000,0
1506261508,22161023,287.84,0.04740000,0
1506261507,22161022,287.84,0.23000000,0
1506261505,22161013,287.84,1.56386740,0
1506261494,22161006,287.31,0.03000000,1
1506261494,22161005,287.31,1.03661550,1
1506261483,22161002,287.34,0.40000000,1
1506261483,22161001,287.35,0.13740000,1
1506261483,22161000,287.36,2.82814100,1
1506261482,22160997,287.35,0.14000000,1
1506261482,22160996,287.46,0.03000000,1
1506261482,22160995,287.47,0.23000000,1
1506261406,22160969,287.48,1.48134500,1
1506261372,22160959,287.38,1.04162226,1
1506261354,22160950,287.98,3.96824152,0
1506261354,22160949,287.97,1.53175848,0
1506261317,22160934,288.29,4.39000000,0
1506261299,22160925,288.44,1.48421000,0
1506261289,22160903,287.00,1.48206248,0
1506261288,22160901,287.00,5.00000000,0
1506261287,22160900,287.00,0.28611840,0
1506261287,22160898,287.00,1.20010000,1
1506261287,22160896,287.01,0.22588063,1
1506261287,22160895,287.25,0.39597249,1
1506261285,22160894,287.00,2.33990000,1
1506261284,22160893,287.25,5.50000000,1
1506261282,22160889,287.25,0.44986608,0
1506261280,22160882,287.25,2.09533392,0
1506261279,22160874,286.03,17.68405280,1
1506261279,22160871,286.21,0.06393907,1
1506261278,22160868,286.24,0.03000000,1
1506261278,22160866,286.54,0.03000000,1
1506261278,22160864,286.70,1.00000000,1
1506261278,22160862,286.79,0.03000000,1
1506261278,22160860,286.80,1.00000000,1
1506261278,22160859,286.82,0.13744889,1
1506261278,22160858,286.84,2.00000000,1
1506261277,22160857,286.85,0.65000000,1
1506261277,22160855,286.99,0.03000000,1
1506261277,22160854,287.11,0.06373864,1
1506261277,22160853,287.14,0.03000000,1
1506261277,22160852,287.25,7.11000000,1
1506261277,22160851,288.12,3.22000000,1
1506261274,22160840,288.98,10.87000000,0
1506261274,22160838,289.92,9.45564134,1
1506261273,22160836,289.92,8.42674000,1
1506261273,22160830,289.90,1.18262200,0
1506261273,22160829,289.89,3.19000000,1
1506261272,22160828,289.89,17.28131900,1
1506261272,22160827,289.89,5.50000000,1
1506261272,22160823,289.78,0.17638219,0
1506261272,22160822,289.78,0.11000000,0
1506261271,22160821,289.64,0.03000000,0
1506261271,22160819,289.64,1.00260000,1
1506261271,22160818,289.63,0.64000000,1
1506261270,22160817,289.34,6.86144330,0
1506261270,22160816,289.34,0.46000000,0
1506261270,22160815,289.34,5.42030292,1
1506261270,22160814,289.33,0.30944189,0
1506261269,22160813,289.00,8.73323905,0
1506261269,22160812,288.99,1.43164341,0
1506261269,22160811,288.70,2.81148659,0
1506261268,22160810,288.67,5.50000000,0
1506261268,22160809,288.53,4.84000000,0
1506261268,22160808,288.50,1.00978647,0
1506261267,22160807,288.50,18.32896800,1
1506261267,22160806,288.13,3.19000000,0
1506261267,22160805,288.13,11.95680100,1
1506261267,22160804,288.13,8.54319900,1
1506261266,22160802,288.12,21.44570100,1
1506261266,22160801,288.12,1.67103200,1
1506261266,22160800,288.12,21.10258200,1
1506261265,22160799,288.11,2.08253792,1
1506261264,22160798,288.11,0.23000000,0
1506261231,22160765,287.38,0.23861500,1
1506261230,22160764,287.39,0.23000000,1
1506261174,22160756,287.26,0.04969600,1
1506261152,22160752,287.93,4.84000000,1
1506261151,22160751,288.43,2.07496464,0
1506261149,22160748,287.93,2.47418659,0
1506261147,22160746,287.93,0.06642130,0
1506261146,22160743,288.44,3.56000000,1
1506261145,22160740,288.88,0.28523231,0
1506261144,22160733,288.86,0.33730000,1
1506261142,22160731,289.64,32.59497859,1
1506261142,22160730,289.64,7.11000000,1
1506261142,22160729,289.50,0.01750000,0
1506261142,22160728,289.41,0.02802292,0
1506261141,22160727,289.41,16.46062100,1
1506261141,22160725,289.39,0.03000000,0
1506261141,22160724,289.38,0.09906968,0
1506261141,22160723,289.38,5.42039300,1
1506261140,22160722,289.34,5.00000000,1
1506261140,22160720,289.26,1.51000000,0
1506261139,22160719,289.23,0.03000000,0
1506261139,22160718,289.19,0.03000000,0
1506261139,22160716,289.17,0.03000000,0
1506261138,22160715,289.13,0.03000000,0
1506261138,22160714,289.13,2.08383982,1
1506261138,22160713,289.10,0.28709966,0
1506261138,22160711,289.08,0.03000000,0
1506261137,22160709,289.04,0.03000000,0
1506261137,22160705,289.02,0.46000000,0
1506261137,22160704,289.02,0.03000000,0
1506261136,22160703,289.00,0.60000000,0
1506261136,22160702,289.00,16.45770200,1
1506261136,22160701,289.00,5.41904532,1
1506261136,22160700,288.99,0.02782082,0
1506261135,22160699,288.88,0.03000000,0
1506261135,22160698,288.84,0.28735817,0
1506261135,22160697,288.74,1.03147859,0
1506261134,22160696,288.68,5.50000000,0
1506261134,22160695,288.62,4.84000000,0
1506261134,22160694,288.61,0.65000000,0
1506261133,22160692,288.43,0.20000000,0
1506261133,22160691,288.42,2.81135500,0
1506261133,22160690,288.40,0.03000000,0
1506261132,22160689,288.25,0.03000000,0
1506261132,22160688,288.20,13.93451333,0
1506261132,22160687,287.93,3.26000000,0
1506261131,22160686,287.91,0.19807600,0
1506261131,22160685,287.91,0.23000000,0
1506261131,22160684,287.91,46.09100000,0
1506261084,22160648,287.16,0.20000000,1
1506261080,22160647,288.01,2.16843165,0
1506261078,22160646,288.00,3.20000000,0
1506261077,22160645,287.36,0.85128900,1
1506261077,22160643,287.36,0.24531200,1
1506261077,22160642,287.36,0.90114500,1
1506261077,22160641,287.36,0.90114500,1
1506261067,22160634,286.87,0.39979451,1
1506261067,22160633,287.13,2.50000000,1
1506261066,22160632,287.15,1.00000000,1
1506261065,22160631,287.17,3.20000000,1
1506260985,22160612,287.38,0.19807600,1
1506260985,22160611,287.55,0.05000000,1
1506260985,22160610,287.68,0.23000000,1
1506260803,22160529,287.64,2.29140525,1
1506260803,22160528,287.76,0.03000000,1
1506260803,22160527,287.77,0.10007302,0
1506260801,22160520,287.91,2.40792927,1
1506260800,22160519,287.76,2.07772261,0
1506260800,22160518,287.80,0.98026407,1
1506260800,22160517,287.80,0.96123654,0
1506260800,22160515,287.80,0.62227678,0
1506260798,22160513,287.91,0.03000000,1
1506260761,22160483,287.93,3.73000000,1
1506260761,22160482,288.08,2.59312616,1
1506260761,22160481,288.08,0.66737760,1
1506260633,22160447,288.45,7.11000000,1
1506260633,22160446,288.45,1.03147859,1
1506260599,22160432,288.44,2.81135500,1
1506260599,22160431,288.46,0.03000000,1
1506260599,22160430,288.66,0.03000000,1
1506260595,22160427,288.81,0.31000000,1
1506260595,22160426,288.81,4.52000000,1
1506260594,22160425,288.81,2.28000000,1
1506260593,22160424,288.81,4.83368300,1
1506260592,22160423,288.81,1.88000000,0
1506260592,22160422,288.75,0.18000000,0
1506260592,22160421,288.74,0.21631700,0
1506260545,22160415,288.67,2.62008700,0
1506260472,22160389,288.80,0.03000000,0
1506260262,22160281,288.83,1.03012100,0
1506260255,22160275,288.79,7.11000000,1
1506260201,22160263,288.79,0.48923905,1
1506260186,22160259,288.79,1.13400000,1
1506260175,22160242,288.79,17.31192517,0
1506260168,22160236,288.78,0.27650000,1
1506260163,22160229,288.78,2.29600000,1
1506260162,22160227,288.79,0.25173500,0
1506260160,22160224,288.77,0.01750000,0
1506260160,22160223,288.68,0.03000000,0
1506260140,22160200,288.67,2.80912730,0
1506260140,22160198,288.59,0.10000000,0
1506260140,22160197,288.53,0.03000000,0
1506260054,22160147,288.27,0.19087270,1
1506260054,22160146,288.29,2.80912730,1
1506260051,22160143,288.27,7.48000000,1
1506260033,22160126,288.17,10.12346000,1
1506260033,22160124,288.17,1.87999500,1
1506260003,22160079,288.47,1.88000000,0
1506259995,22160058,288.41,1.33951000,1
1506259992,22160052,288.41,7.74400000,1
1506259992,22160051,288.39,2.80815970,0
1506259941,22160011,288.06,1.18262200,1
1506259933,22160009,288.08,2.80815970,1
1506259880,22159992,288.13,1.65702594,0
1506259879,22159991,288.11,1.15569505,0
1506259879,22159990,288.06,1.88000000,0
1506259869,22159989,288.00,0.05000000,0
1506259809,22159973,287.93,5.98546166,1
1506259807,22159972,287.39,0.87326605,0
1506259805,22159971,287.39,1.15569505,1
1506259763,22159963,287.47,0.27592808,1
1506259763,22159962,287.58,0.03000000,1
1506259763,22159961,287.62,0.03000000,1
1506259762,22159960,287.78,0.03000000,1
1506259762,22159959,287.82,0.03000000,1
1506259760,22159956,287.93,0.03000000,1
1506259706,22159928,288.07,5.10218900,1
1506259705,22159927,288.07,1.00000000,1
1506259704,22159926,288.07,2.49311100,1
1506259689,22159922,288.03,1.38109754,1
1506259688,22159921,288.04,0.02826342,1
1506259672,22159911,288.30,1.99819979,1
1506259647,22159908,287.95,0.52432900,1
1506259620,22159900,288.28,2.80224200,0
1506259618,22159899,288.15,1.00000000,0
1506259618,22159898,288.00,0.97884280,0
1506259618,22159897,287.97,1.88000000,0
1506259618,22159896,287.90,2.99000000,0
1506259582,22159888,287.96,0.03000000,0
1506259514,22159870,287.99,1.00000000,0
1506259509,22159869,287.89,0.00000049,0
1506259432,22159853,287.89,1.87999951,0
1506259432,22159852,287.88,7.88023849,0
1506259428,22159850,287.15,7.11128823,1
1506259428,22159849,287.19,0.03000000,1
1506259427,22159848,287.21,0.02000000,1
1506259427,22159847,287.22,7.88023849,1
1506259427,22159846,287.68,0.02200000,1
1506259423,22159844,287.84,2.00000000,0
1506259423,22159843,287.80,1.00000000,0
1506259423,22159842,287.78,3.55000000,0
1506259423,22159841,287.70,1.00000000,0
1506259423,22159840,287.69,5.76606647,0
1506259395,22159829,287.69,0.18638117,0
1506259360,22159816,287.75,0.02500000,1
1506259212,22159764,287.21,5.95244764,0
1506259210,22159762,288.08,0.04755236,1
1506259201,22159757,288.12,0.79224198,1
1506259187,22159750,288.13,1.20466456,1
1506259162,22159732,288.45,13.96762003,0
1506259162,22159731,288.25,35.29237800,1
1506259160,22159728,288.25,0.04546975,0
1506259159,22159723,288.12,9.20775802,1
1506259159,22159721,288.12,1.03012634,1
1506259159,22159720,288.13,0.94716873,1
1506259158,22159719,288.14,0.79224191,1
1506259155,22159715,288.14,2.00000000,1
1506259092,22159667,288.08,0.00002382,0
1506259090,22159664,288.08,0.02997618,0
1506259090,22159662,288.05,0.01760000,0
1506259073,22159638,288.00,0.50000000,0
1506259073,22159637,288.00,5.00000000,0
1506259073,22159636,288.00,4.00000000,0
1506259049,22159612,287.68,1.00000000,0
1506258988,22159578,287.67,1.79680700,0
1506258971,22159558,287.67,0.99999959,0
1506258971,22159557,287.44,0.00000041,0
1506258962,22159549,287.37,2.80680700,1
1506258962,22159546,287.42,0.03000000,1
1506258925,22159534,287.44,2.31477083,0
1506258925,22159533,287.42,0.91661817,0
1506258895,22159515,287.44,1.71526800,0
1506258891,22159513,287.40,0.28709966,0
1506258889,22159509,287.40,2.10364800,0
1506258889,22159508,287.32,0.01760000,0
1506258885,22159499,287.17,0.18199148,0
1506258885,22159498,287.17,0.10704200,0
1506258884,22159497,287.16,2.94736582,0
1506258874,22159489,286.99,0.70600000,0
1506258874,22159488,286.99,1.36783236,0
1506258874,22159487,286.98,1.03422531,0
1506258874,22159486,286.95,1.07153290,0
1506258861,22159479,286.96,4.17959100,0
1506258860,22159478,286.31,7.12695682,1
1506258844,22159468,286.69,0.95309100,0
1506258844,22159467,286.67,1.03960200,0
1506258841,22159466,286.67,8.00500000,0
1506258829,22159464,286.68,0.11335300,0
1506258829,22159463,286.68,0.10016000,0
1506258819,22159460,286.69,2.02478900,0
1506258818,22159459,286.69,0.85601804,0
1506258818,22159458,286.68,8.35322296,0
1506258810,22159457,286.71,0.83786700,0
1506258801,22159456,286.75,0.74884280,0
1506258801,22159455,286.43,0.23000000,0
1506258737,22159442,286.97,1.73924699,0
1506258736,22159441,286.45,0.25000000,0
1506258736,22159440,286.44,0.23000000,0
1506258725,22159434,286.44,2.10893572,0
1506258725,22159433,286.43,2.10893572,0
1506258724,22159430,286.43,0.06970200,0
1506258716,22159428,286.28,0.23000000,0
1506258699,22159420,286.11,4.89936335,1
1506258689,22159415,286.30,0.22999994,0
1506258689,22159414,286.29,0.23000000,0
1506258672,22159409,286.30,7.98932000,0
1506258672,22159408,286.29,0.23000000,0
1506258671,22159407,286.30,1.23757600,0
1506258668,22159405,286.37,0.03000000,1
1506258668,22159404,286.42,0.15409279,1
1506258658,22159399,286.42,2.80348400,1
1506258647,22159391,286.47,0.07256600,0
1506258638,22159384,286.50,1.05967800,0
1506258632,22159371,286.50,0.03000000,0
1506258630,22159365,286.50,2.50000000,1
1506258630,22159364,286.62,0.03000000,1
1506258630,22159363,286.63,1.03422531,1
1506258630,22159361,286.65,2.81077989,1
1506258630,22159360,286.82,0.03000000,1
1506258630,22159359,286.90,0.28735817,1
1506258630,22159358,286.97,0.03000000,1
1506258593,22159329,286.99,1.53090644,0
1506258592,22159327,286.99,15.00000000,0
1506258588,22159320,286.99,2.10126120,0
1506258578,22159297,286.98,5.15081400,0
1506258575,22159289,286.92,2.90296428,0
1506258575,22159288,286.78,0.07277259,0
1506258574,22159287,286.74,0.07431721,0
1506258574,22159286,286.59,0.01770000,0
1506258573,22159283,286.42,0.25978722,0
1506258573,22159282,286.42,0.03000000,0
1506258548,22159267,286.32,0.98021616,1
1506258488,22159215,286.01,0.10000000,1
1506258486,22159214,286.00,0.10000000,1
1506258484,22159211,286.30,1.03541834,0
1506258484,22159210,286.29,2.82116333,0
1506258483,22159209,286.28,0.04546975,0
1506258483,22159208,286.25,0.07626314,0
1506258483,22159207,286.00,0.10000000,1
1506258479,22159206,285.99,0.10000000,1
1506258476,22159202,285.99,0.07650459,1
1506258476,22159201,286.00,2.90807707,1
1506258476,22159199,286.01,1.03541834,1
1506258473,22159196,286.00,5.00000000,1
1506258471,22159194,286.00,1.88000000,1
1506258471,22159193,286.01,3.12000000,1
1506258468,22159189,286.01,5.00000000,1
1506258466,22159186,286.00,0.21192293,0
1506258465,22159184,285.99,5.00000000,1
1506258462,22159180,285.99,5.00000000,1
1506258461,22159179,286.00,0.62807707,0
1506258459,22159175,285.99,5.00000000,1
1506258456,22159171,285.99,5.00000000,1
1506258439,22159163,285.99,5.00000000,1
1506258436,22159159,285.99,5.00000000,1
1506258435,22159158,285.99,0.27990000,1
1506258434,22159154,285.99,5.00000000,1
1506258434,22159153,286.00,0.15000000,0
1506258434,22159152,286.00,1.00000000,0
1506258433,22159151,285.99,5.00000000,0
1506258433,22159150,285.94,0.10000000,0
1506258433,22159149,285.90,6.09000000,0
1506258433,22159148,285.88,3.67050000,0
1506258431,22159145,285.05,3.44000000,1
1506258431,22159144,285.09,1.56000000,1
1506258428,22159143,285.05,1.63649784,1
1506258428,22159142,285.06,0.49194300,1
1506258427,22159141,285.07,2.87155916,1
1506258425,22159140,285.06,4.51995700,1
1506258425,22159139,285.06,0.48004300,1
1506258422,22159135,285.05,5.00000000,1
1506258402,22159112,284.87,5.00000000,1
1506258400,22159109,285.89,0.61493216,1
1506258400,22159108,285.88,0.07300324,0
1506258399,22159107,285.87,0.01770000,0
1506258399,22159106,285.85,0.05572778,0
1506258399,22159105,285.74,5.00000000,0
1506258399,22159104,284.84,1.23043032,1
1506258399,22159103,284.85,3.67050000,1
1506258399,22159102,284.85,0.09906968,1
1506258398,22159101,285.73,7.69639044,0
1506258395,22159089,284.84,5.00000000,1
1506258393,22159083,284.84,5.00000000,1
1506258389,22159078,284.84,5.00000000,1
1506258385,22159073,284.84,5.00000000,1
1506258381,22159069,284.83,5.00000000,1
1506258379,22159067,284.81,5.00000000,1
1506258375,22159061,284.79,5.00000000,1
1506258374,22159059,285.61,0.34328313,0
1506258372,22159055,284.78,5.00000000,1
1506258369,22159048,284.76,5.00000000,1
1506258367,22159047,285.76,5.49229469,0
1506258367,22159046,285.75,0.04763541,0
1506258367,22159045,285.73,3.27000000,0
1506258367,22159044,285.72,8.64310000,0
1506258366,22159043,284.76,5.00000000,1
1506258356,22159032,285.62,2.20117638,1
1506258355,22159031,285.20,0.25000000,1
1506258353,22159008,284.75,1.24110000,1
1506258353,22159007,284.76,2.44890000,1
1506258353,22159006,284.76,1.31000000,1
1506258351,22159005,285.66,0.01472432,0
1506258351,22159004,285.24,0.03818220,0
1506258351,22159003,285.14,0.01780000,0
1506258348,22158997,284.75,5.00000000,1
1506258345,22158991,284.75,5.00000000,1
1506258342,22158984,284.74,5.00000000,1
1506258339,22158980,284.72,3.55000000,1
1506258339,22158979,284.73,1.45000000,1
1506258336,22158972,284.72,5.00000000,1
1506258335,22158966,284.72,12.45356833,1
1506258335,22158964,284.81,5.00007812,1
1506258335,22158962,284.86,0.07277259,1
1506258333,22158958,284.72,5.00000000,1
1506258333,22158956,285.08,1.03879916,0
1506258333,22158955,285.07,0.07131532,0
1506258333,22158954,285.00,1.50000000,0
