date,tid,price,amount,type
1506297193,22174565,1.18452,55.65999,1
1506297147,22174553,1.18452,172.19000,1
1506297038,22174529,1.18452,35.02999,1
1506296966,22174483,1.18452,27.18999,1
1506296809,22174445,1.18452,35.97999,0
1506296715,22174408,1.18453,7.60986,1
1506296710,22174406,1.18452,14.49840,1
1506296710,22174405,1.18452,15.95581,1
1506296710,22174404,1.18644,7.60986,1
1506295463,22174213,1.18452,44.94975,1
1506295462,22174212,1.18452,6.69418,1
1506295462,22174211,1.18453,110.00000,1
1506295462,22174210,1.18454,7.48342,1
1506295459,22174206,1.18453,66.45677,1
1506295458,22174205,1.18566,0.03742,1
1506295457,22174198,1.18566,7.44600,1
1506292430,22173309,1.18452,140.04512,1
1506292430,22173308,1.18453,290.00000,1
1506292301,22173283,1.18870,212.99040,0
1506292301,22173282,1.18870,212.99040,0
1506292275,22173256,1.18873,0.00001,1
1506292274,22173255,1.18872,259.02229,0
1506292259,22173252,1.18874,11.60270,1
1506292258,22173251,1.18874,11.60270,1
1506292258,22173250,1.18874,10.03209,0
1506292258,22173248,1.18874,11.60270,1
1506292258,22173247,1.18874,11.60270,1
1506292257,22173246,1.18874,11.60270,1
1506292257,22173245,1.18874,11.60270,1
1506292257,22173243,1.18874,11.60270,1
1506292257,22173241,1.18874,11.60270,1
1506292257,22173240,1.18874,11.60270,1
1506292257,22173239,1.18874,11.60270,1
1506292257,22173238,1.18874,11.60270,1
1506292257,22173237,1.18874,11.60270,1
1506292257,22173236,1.18874,11.60270,1
1506292256,22173235,1.18874,171.24996,1
1506292256,22173234,1.18874,308.75003,1
1506292254,22173232,1.18873,11.60271,0
1506292243,22173229,1.18875,11.57958,1
1506292240,22173223,1.18874,2.82599,1
1506292239,22173221,1.18874,19.85841,1
1506292238,22173219,1.18874,55.19290,1
1506292237,22173217,1.18874,77.87730,1
1506292236,22173216,1.18498,77.87728,0
1506292175,22173201,1.18451,299.60808,1
1506292167,22173187,1.18451,6140.35268,1
1506292167,22173185,1.18452,580.47393,1
1506292164,22173179,1.18452,77.75302,1
1506292163,22173178,1.18452,55.04758,1
1506292163,22173176,1.18452,93.61437,1
1506292163,22173174,1.18453,150.00000,1
1506292162,22173171,1.18500,0.38885,1
1506292161,22173162,1.18500,77.38048,1
1506290813,22172879,1.18500,7.76985,1
1506290813,22172878,1.18501,17.88199,1
1506290811,22172876,1.18964,474.34816,1
1506290193,22172720,1.18501,27.76064,1
1506289922,22172692,1.18518,22.52061,1
1506289919,22172682,1.18517,60.71408,1
1506289733,22172650,1.18737,0.30525,1
1506289731,22172647,1.18737,60.74379,1
1506289701,22172641,1.18516,6.16033,1
1506289699,22172638,1.18516,55.28368,1
1506289370,22172583,1.18500,79.87010,1
1506289369,22172582,1.18500,269.12777,1
1506289368,22172580,1.18500,62.40999,1
1506289368,22172578,1.18500,335.80084,1
1506289349,22172561,1.18508,62.99121,1
1506287949,22172264,1.18532,988.26766,0
1506287945,22172263,1.18532,71.55851,0
1506287944,22172262,1.18539,71.55851,1
1506286365,22171950,1.18502,64.98996,1
1506285345,22171724,1.18720,39.19011,1
1506285343,22171722,1.18721,67.01627,1
1506285340,22171721,1.18720,29.82649,1
1506285339,22171717,1.18720,69.01660,1
1506285328,22171715,1.18501,69.01655,0
1506285327,22171714,1.18500,1188.39135,1
1506285327,22171713,1.18501,108.20209,1
1506285327,22171712,1.18505,69.01655,1
1506285200,22171678,1.18526,69.30126,1
1506284995,22171614,1.18527,69.59662,1
1506284879,22171583,1.18502,36.05217,1
1506284879,22171582,1.18509,70.28783,1
1506284548,22171433,1.18522,976.22106,1
1506284544,22171428,1.18522,0.32039,1
1506284544,22171426,1.18523,71.63857,1
1506284540,22171417,1.18522,1.51602,1
1506284539,22171416,1.18523,340.00000,1
1506284534,22171409,1.18522,3020.11092,1
1506284533,22171408,1.18523,72.68897,1
1506284530,22171395,1.18526,0.32083,1
1506284530,22171393,1.18527,72.68897,1
1506284524,22171387,1.18522,1.83161,1
1506284524,22171386,1.18524,410.00000,1
1506284518,22171381,1.18523,0.50065,1
1506284518,22171379,1.18523,112.28282,1
1506284513,22171375,1.18530,73.93145,1
1506284503,22171369,1.18526,74.26420,1
1506284499,22171363,1.18525,1021.71151,1
1506284495,22171361,1.18524,112.78124,1
1506284492,22171356,1.18523,1.33827,1
1506284492,22171355,1.18527,74.43588,1
1506284488,22171352,1.18526,75.77544,1
1506284485,22171350,1.18523,0.33266,1
1506284484,22171349,1.18524,75.13222,1
1506284480,22171343,1.18533,75.12664,1
1506284476,22171338,1.18532,166.96719,1
1506284472,22171335,1.18530,476.69593,1
1506284467,22171331,1.18525,76.30791,1
1506284463,22171324,1.18527,5.36581,1
1506284463,22171323,1.18528,1192.10530,1
1506284460,22171317,1.18527,40.53711,1
1506284460,22171315,1.18527,80.59944,1
1506284457,22171310,1.18699,17.64057,1
1506284456,22171307,1.18700,80.59944,1
1506284455,22171306,1.18699,64.59228,1
1506284455,22171302,1.18699,112.06245,1
1506284455,22171301,1.18699,194.29530,1
1506284455,22171300,1.18699,52.29734,1
1506284454,22171296,1.18699,81.82896,1
1506284452,22171290,1.18699,60.16900,1
1506284451,22171287,1.18662,29.92256,0
1506284451,22171286,1.18662,0.33066,0
1506284451,22171285,1.18661,164.04208,0
1506284443,22171278,1.18664,82.24405,1
1506283927,22171071,1.18997,104.28739,0
1506283857,22171031,1.18525,540.58015,0
1506283756,22170961,1.18543,105.15002,1
1506283756,22170960,1.18544,63.69114,1
1506283756,22170959,1.18544,95.53672,1
1506283691,22170933,1.18553,64.31708,0
1506283642,22170878,1.18539,0.42921,0
1506283642,22170877,1.18541,63.78361,1
1506283078,22170643,1.19000,164.71091,0
1506283078,22170642,1.18999,640.00000,0
1506282112,22170255,1.18555,50.00000,1
1506280606,22169597,1.19028,137.76350,1
1506280606,22169596,1.19028,76.16395,1
1506280604,22169593,1.19028,61.59955,1
1506280604,22169592,1.19028,137.76350,1
1506280604,22169591,1.19028,34.05773,1
1506280603,22169590,1.19028,103.70577,1
1506280603,22169589,1.19028,137.76350,1
1506280603,22169588,1.19028,137.76350,1
1506280603,22169587,1.19028,137.76350,1
1506280603,22169586,1.19028,137.76350,1
1506280603,22169585,1.19028,137.76350,1
1506280602,22169584,1.19028,17.49623,1
1506280602,22169581,1.19028,120.26727,1
1506280602,22169578,1.19028,0.00001,1
1506280602,22169576,1.19029,17.80690,1
1506280599,22169571,1.18972,137.76349,0
1506280578,22169566,1.18972,0.00002,1
1506280577,22169564,1.18935,137.76998,0
1506280573,22169563,1.18935,146.41773,0
1506280572,22169562,1.18935,526.14083,0
1506280572,22169561,1.18931,25.78211,0
1506280572,22169560,1.18931,57.40788,0
1506280572,22169559,1.18931,54.58000,0
1506280572,22169558,1.18550,1.89325,0
1506280479,22169527,1.18550,376.75711,0
1506280334,22169511,1.18604,25.78211,1
1506280041,22169368,1.18935,31.43205,0
1506280039,22169364,1.18937,34.39951,1
1506280038,22169362,1.18937,158.83010,1
1506280038,22169361,1.18937,0.02095,1
1506280038,22169358,1.18937,158.80915,1
1506280038,22169357,1.18937,158.83010,1
1506280037,22169356,1.18937,158.83010,1
1506280037,22169355,1.18937,158.83010,1
1506280037,22169354,1.18937,0.45731,1
1506280036,22169353,1.18937,158.37275,0
1506280036,22169352,1.18935,0.00004,0
1506280035,22169350,1.18935,158.83010,0
1506280030,22169346,1.18937,0.01160,1
1506280030,22169345,1.18937,14.38560,1
1506280030,22169344,1.18937,14.39720,1
1506280030,22169343,1.18937,14.39720,1
1506280029,22169341,1.18937,14.39720,1
1506280029,22169339,1.18937,14.39720,1
1506280029,22169338,1.18937,14.39720,1
1506280029,22169337,1.18937,14.39720,1
1506280029,22169336,1.18937,14.39720,1
1506280029,22169335,1.18937,14.39720,1
1506280029,22169334,1.18937,14.39720,1
1506280029,22169333,1.18937,14.39720,1
1506280029,22169332,1.18938,0.00355,1
1506280027,22169330,1.18938,35.16118,1
1506280025,22169329,1.18746,14.39720,0
1506280021,22169326,1.18749,10.50655,1
1506280021,22169324,1.18749,24.90969,1
1506279516,22169103,1.19088,1204.52024,0
1506278115,22168585,1.19090,855.64470,0
1506278115,22168584,1.19090,990.88948,0
1506278115,22168582,1.19042,9.11052,0
1506278114,22168581,1.19022,4000.00000,0
1506278114,22168580,1.19011,855.64470,0
1506278114,22168579,1.19011,336.62133,0
1506278114,22168578,1.19002,9.79778,0
1506278114,22168577,1.19001,509.22559,0
1506278113,22168576,1.19001,820.77441,0
1506278113,22168575,1.18999,34.87029,0
1506277902,22168397,1.19004,0.00072,1
1506277901,22168387,1.19004,146.88582,1
1506277767,22168280,1.18456,530.42000,1
1506277764,22168276,1.18456,530.42000,1
1506277761,22168269,1.18457,206.85297,0
1506277761,22168267,1.18457,62.94940,0
1506277760,22168265,1.18456,530.42000,1
1506277759,22168260,1.18456,17.02842,1
1506277753,22168220,1.18456,44.89999,1
1506277751,22168212,1.18456,1.27961,1
1506277751,22168209,1.18457,241.72326,1
1506277664,22168061,1.18457,229.71803,1
1506277664,22168059,1.18460,5.39196,1
1506277644,22168013,1.18457,39.94699,1
1506277643,22168010,1.18457,39.94405,1
1506277643,22168009,1.18457,112.17451,1
1506277643,22168006,1.18457,6.24921,1
1506277636,22167980,1.18456,1474.19521,1
1506277636,22167977,1.18457,26.78406,1
1506277635,22167975,1.18457,480.52714,1
1506277635,22167974,1.18457,5.84549,1
1506277635,22167973,1.18457,7.79398,1
1506277635,22167972,1.18457,18.22427,1
1506277635,22167971,1.18490,6.75162,1
1506277635,22167970,1.18530,6.75162,1
1506277634,22167969,1.18570,6.74707,1
1506277634,22167967,1.18630,6.53337,1
1506277451,22167773,1.18598,7.95190,0
1506276192,22167237,1.18573,665.93053,1
1506276190,22167233,1.18573,1855.56999,1
1506276164,22167191,1.18573,0.08363,1
1506276163,22167190,1.18574,11.73463,1
1506276044,22167071,1.18600,1651.49445,1
1506276044,22167070,1.18601,16.38662,1
1506276044,22167068,1.18658,8.30228,1
1506275396,22166739,1.18783,10.84632,1
1506274584,22166529,1.19045,9.08836,1
1506272049,22165736,1.18600,74.55312,1
1506272046,22165733,1.18600,74.56999,1
1506271976,22165705,1.18600,50.00000,1
1506271381,22165584,1.18600,1195.39341,1
1506271381,22165583,1.18600,2649.00000,1
1506271380,22165581,1.18600,1612.22657,1
1506271380,22165580,1.18601,7.84876,1
1506271379,22165578,1.18601,5.88657,1
1506271077,22165477,1.18600,2487.05810,1
1506271077,22165476,1.18600,2921.91000,1
1506271076,22165474,1.18600,1889.17377,1
1506271076,22165473,1.18601,148.68811,1
1506271076,22165472,1.18602,80.00000,1
1506269504,22164974,1.19086,28.86936,1
1506269474,22164971,1.19103,148.04730,0
1506269412,22164958,1.19086,139.99882,1
1506268837,22164767,1.18600,2310.87951,1
1506268837,22164765,1.18600,2081.82048,1
1506268833,22164762,1.18600,50.67454,1
1506268832,22164759,1.18601,140.00000,1
1506268799,22164748,1.18601,225.11615,1
1506268553,22164699,1.18601,91.00000,1
1506268539,22164692,1.18600,30.92578,1
1506268537,22164691,1.18601,8.04241,1
1506268537,22164690,1.18601,6.03181,1
1506268537,22164688,1.19100,503.34020,0
1506266154,22163909,1.18600,193.87549,1
1506266139,22163902,1.18600,118.32999,1
1506266031,22163876,1.18600,524.71000,1
1506266024,22163871,1.18600,47.27060,1
1506266024,22163870,1.18600,293.20002,1
1506266024,22163868,1.18600,226.94625,1
1506265987,22163861,1.18600,279.45995,1
1506265964,22163848,1.18600,17.44273,1
1506265964,22163846,1.18600,32.42727,1
1506265940,22163841,1.18600,223.84999,1
1506265940,22163840,1.18600,1113.05002,1
1506265940,22163839,1.18600,345.05999,1
1506265936,22163834,1.18600,64.71333,1
1506265936,22163833,1.18600,159.23666,1
1506265463,22163647,1.18600,223.85000,1
1506265461,22163642,1.18600,979.03268,1
1506265458,22163640,1.18600,296.45426,1
1506265456,22163634,1.18600,21.75890,1
1506265443,22163619,1.18600,140.84000,1
1506265428,22163611,1.18600,140.81000,1
1506265391,22163595,1.18600,1594.23688,1
1506265370,22163569,1.18600,154.06000,1
1506265369,22163567,1.18600,593.98199,1
1506265362,22163555,1.18600,410.34001,1
1506265361,22163553,1.18600,262.42999,1
1506265360,22163548,1.18600,82.98000,1
1506265332,22163508,1.18600,337.27000,1
1506265329,22163501,1.18600,262.42999,1
1506265329,22163498,1.18600,4067.42444,1
1506265328,22163494,1.18600,343.52000,1
1506265328,22163490,1.18600,117.31367,1
1506265328,22163488,1.18600,3174.92579,1
1506265326,22163479,1.18600,273.58633,1
1506265325,22163474,1.18600,343.52000,1
1506265325,22163471,1.18600,336.87999,1
1506265324,22163468,1.18600,254.87342,1
1506265324,22163466,1.18600,16.99156,1
1506265321,22163452,1.18600,301.85749,1
1506265299,22163437,1.18600,118.20152,1
1506265296,22163432,1.18600,291.17000,1
1506265295,22163426,1.18600,315.90000,1
1506265293,22163424,1.18600,340.33000,1
1506265290,22163413,1.18600,340.33000,1
1506265286,22163400,1.18600,874.63598,1
1506265278,22163380,1.18600,102.80776,1
1506265278,22163379,1.18600,298.45159,1
1506265276,22163375,1.18600,102.70673,1
1506265276,22163371,1.18600,297.57858,1
1506265276,22163369,1.18600,102.78247,1
1506265271,22163358,1.18600,102.68991,1
1506265268,22163355,1.18600,296.44147,1
1506265268,22163351,1.18600,109.88999,1
1506265267,22163350,1.18600,19.88652,1
1506265267,22163348,1.18600,19.08942,1
1506265257,22163337,1.18600,24.05565,1
1506265148,22163292,1.18600,658.25999,1
1506265139,22163285,1.18600,2133.07999,1
1506265135,22163281,1.18600,781.81999,1
1506265118,22163267,1.18600,216.42312,1
1506265118,22163266,1.18605,567.41687,1
1506265093,22163248,1.18605,730.37999,1
1506265088,22163244,1.18605,48.60791,1
1506265086,22163243,1.18605,30.75999,1
1506265086,22163242,1.18605,159.99275,1
1506265083,22163236,1.18605,205.64999,1
1506265075,22163216,1.18606,30.75999,1
1506265071,22163205,1.18606,25.63999,1
1506265055,22163192,1.18606,150.00000,1
1506265052,22163191,1.18605,312.61042,1
1506265050,22163186,1.18606,261.38484,1
1506265050,22163183,1.18606,48.61516,1
1506264790,22163025,1.18606,50.00000,1
1506264593,22162980,1.18605,1285.27999,1
1506264593,22162979,1.18606,650.00000,1
1506264264,22162849,1.18605,117.68402,1
1506264264,22162848,1.18606,8.49598,1
1506264263,22162847,1.19248,823.91000,1
1506264258,22162835,1.19227,757.50000,0
1506264255,22162805,1.19248,17.72328,0
1506264045,22162639,1.18605,390.30807,1
1506264045,22162635,1.18606,16.99197,1
1506264044,22162633,1.18606,12.74398,1
1506264044,22162632,1.18607,8.49598,1
1506263937,22162519,1.18605,151.31000,1
1506262968,22162168,1.18750,0.00279,1
1506262694,22162053,1.18750,21.29071,1
1506262693,22162051,1.18750,298.73421,1
1506262693,22162050,1.18750,528.32508,1
1506262684,22162042,1.18750,528.32509,1
1506262684,22162041,1.18750,306.87491,1
1506262659,22162017,1.18750,912.04448,1
1506262654,22162004,1.18750,87.28422,1
1506262654,22162002,1.18750,62.43578,1
1506262513,22161894,1.18750,11.79002,1
1506262513,22161893,1.18750,125.85998,1
1506262448,22161853,1.18750,2139.23125,1
1506262416,22161811,1.18750,316.89945,1
1506262412,22161796,1.18750,316.77302,1
1506262385,22161748,1.18750,1134.18000,1
1506262352,22161692,1.18750,43.71001,1
1506262349,22161687,1.18750,1017.83930,1
1506262267,22161653,1.18750,572.27346,1
1506262230,22161614,1.18750,64.58196,1
1506262183,22161600,1.18750,77.00731,1
1506262179,22161599,1.18750,71.47253,1
1506262175,22161591,1.18750,743.78394,1
1506262175,22161590,1.18751,5.89605,1
1506262164,22161578,1.18750,301.21425,1
1506262163,22161576,1.18750,815.89487,1
1506262163,22161575,1.18750,713.77513,1
1506262162,22161572,1.18750,487.66572,1
1506262161,22161571,1.18750,2503.40000,1
1506262160,22161568,1.18750,261.04709,1
1506262160,22161566,1.18750,189.95369,1
1506262159,22161564,1.18750,2943.05000,1
1506262159,22161561,1.18751,364.96800,0
1506262158,22161559,1.18750,1150.27963,1
1506262158,22161554,1.18750,189.89000,1
1506262156,22161546,1.18751,364.96800,1
1506262156,22161545,1.18751,675.04722,1
1506262156,22161544,1.18751,321.45136,1
1506262156,22161543,1.18751,743.33638,1
1506262154,22161537,1.18751,1149.31256,1
1506262153,22161535,1.18751,1682.23426,1
1506262151,22161530,1.18751,409.64862,1
1506262142,22161509,1.18751,60.60928,1
1506262142,22161508,1.18751,0.00546,1
1506262141,22161507,1.18751,2589.21610,1
1506262139,22161504,1.18751,35.91954,1
1506262139,22161502,1.18751,181.91680,1
1506262139,22161500,1.18751,1012.47364,1
1506262138,22161499,1.18751,458.57572,1
1506262138,22161496,1.18751,91.32903,1
1506262136,22161488,1.18751,2702.94714,1
1506262136,22161486,1.18751,300.61209,1
1506262134,22161481,1.18751,3159.96497,1
1506262131,22161475,1.18751,1150.61234,1
1506262127,22161465,1.18751,527.92946,1
1506262127,22161463,1.18751,310.84370,1
1506262125,22161459,1.18751,1088.23946,1
1506262121,22161445,1.18751,872.11134,1
1506262121,22161441,1.18751,87.81309,1
1506262121,22161440,1.18752,403.31900,1
1506262120,22161439,1.18752,464.06697,1
1506262109,22161424,1.18752,874.52777,1
1506262101,22161404,1.18752,291.75181,1
1506262101,22161403,1.18752,371.77922,1
1506262095,22161392,1.18752,59.31555,1
1506262095,22161391,1.18753,80.00000,1
1506262089,22161385,1.18752,262.88027,1
1506262089,22161384,1.18752,5.80972,1
1506262081,22161366,1.18751,326.40342,1
1506262081,22161365,1.18752,493.16465,1
1506262079,22161358,1.18752,2380.65660,1
1506262079,22161357,1.18753,150.00000,1
1506262078,22161356,1.18752,114.10335,1
1506262077,22161350,1.18752,45.43149,1
1506262076,22161342,1.18753,156.50974,1
1506262075,22161340,1.18753,153.48827,1
1506262075,22161339,1.18754,6.08665,1
1506262072,22161327,1.18752,30.13860,1
1506262071,22161320,1.18753,93.17998,1
1506262069,22161314,1.18752,338.55303,1
1506262068,22161311,1.18752,30.14110,1
1506262067,22161307,1.18753,394.69900,1
1506262022,22161276,1.18752,304.28436,1
1506262022,22161275,1.18752,2.58104,1
1506262022,22161274,1.18753,5.68449,1
1506262016,22161266,1.18752,581.15804,1
1506262016,22161265,1.18753,7.57932,1
1506262016,22161264,1.18755,5.68449,1
1506261898,22161196,1.18754,479.98384,1
1506261891,22161195,1.18752,933.46324,1
1506261891,22161194,1.18752,5.83479,1
1506261891,22161193,1.18752,636.19224,1
1506261890,22161191,1.18754,7.77972,1
1506261890,22161189,1.18755,420.00000,1
1506261850,22161181,1.18752,703.05008,1
1506261849,22161180,1.18752,735.03991,1
1506261849,22161179,1.18752,703.05008,1
1506261849,22161177,1.18753,5.99847,1
1506261849,22161176,1.18753,7.99796,1
1506261748,22161136,1.18752,157.81699,0
1506261747,22161135,1.18752,776.91957,1
1506261747,22161133,1.18753,8.11363,1
1506261747,22161131,1.18753,6.08522,1
1506261745,22161128,1.18754,451.02481,0
1506261744,22161124,1.18754,55.68655,1
1506261497,22161010,1.18753,276.54359,1
1506261497,22161009,1.18754,8.18652,1
1506261497,22161008,1.18754,6.13989,1
1506261371,22160958,1.19249,352.72361,0
1506261371,22160957,1.19248,917.38079,0
1506261362,22160951,1.19248,5000.00000,0
1506261295,22160923,1.18752,359.06178,1
1506261295,22160922,1.19250,982.21975,0
1506261295,22160921,1.19250,308.27966,0
1506261295,22160920,1.19250,100.79000,0
1506261295,22160919,1.19250,186.09000,0
1506261294,22160918,1.19250,211.16716,0
1506261294,22160917,1.19250,2.86896,0
1506261294,22160916,1.19250,565.70134,0
1506261294,22160915,1.19250,25.38948,0
1506261294,22160914,1.19200,996.49858,0
1506261294,22160913,1.19177,289.87339,0
1506261293,22160912,1.19176,1120.00000,0
1506261293,22160911,1.18761,95.89222,0
1506261293,22160910,1.18754,60.50947,0
1506261293,22160909,1.18753,54.71999,0
1506261289,22160905,1.18757,95.50595,1
1506261281,22160883,1.18763,95.48820,1
1506261278,22160867,1.19179,289.27477,1
1506261275,22160847,1.19177,685.76621,0
1506261275,22160845,1.19177,103.89648,0
1506261273,22160834,1.19177,16.10352,0
1506261273,22160831,1.19177,274.28772,0
1506261243,22160782,1.18773,62.61821,1
1506261146,22160742,1.19200,4045.14110,0
1506261145,22160741,1.19200,2625.14110,0
1506261145,22160738,1.19199,1000.00000,0
1506261145,22160736,1.19198,420.00000,0
1506261127,22160681,1.19187,199.71220,0
1506261119,22160677,1.19190,498.60440,0
1506261113,22160674,1.18751,221.85999,1
1506261086,22160649,1.18752,48.47999,1
1506261077,22160644,1.18751,702.91119,1
1506261075,22160640,1.18751,206.58000,1
1506261073,22160639,1.18751,59.40000,1
1506261071,22160637,1.18751,218.83000,1
1506261068,22160636,1.18751,218.83000,1
1506260999,22160619,1.18751,505.88999,1
1506260805,22160530,1.18751,24.26999,1
1506260803,22160526,1.18751,140.09227,1
1506260803,22160525,1.18752,530.00000,1
1506260802,22160524,1.18752,6.22511,1
1506260802,22160523,1.18752,18.06261,1
1506260800,22160516,1.18753,119.40000,1
1506260774,22160499,1.18753,449.98443,1
1506260765,22160485,1.18753,630.01999,1
1506260001,22160072,1.18755,137.51116,1
1506259744,22159949,1.18757,596.26813,1
1506259744,22159948,1.18758,8.97186,1
1506259093,22159669,1.18755,11.55428,1
1506259090,22159661,1.18755,11.55428,1
1506258788,22159451,1.19200,181.91680,0
1506258787,22159450,1.19199,194.46770,0
1506258639,22159387,1.19199,10.01370,0
1506258638,22159385,1.19199,10.01370,0
1506258638,22159383,1.19199,10.01370,0
1506258638,22159382,1.19199,10.01370,0
1506258637,22159380,1.19199,10.01370,0
1506258635,22159379,1.19199,10.01370,0
1506258635,22159378,1.19199,10.01370,0
1506258635,22159377,1.19199,10.01370,0
1506258634,22159376,1.19199,10.01370,0
1506258634,22159375,1.19199,10.01370,0
1506258633,22159373,1.19199,10.01370,0
1506258632,22159372,1.19199,10.01370,0
1506258632,22159370,1.19199,10.01370,0
1506258632,22159369,1.19199,10.01370,0
1506258631,22159368,1.19199,10.01370,0
1506258631,22159367,1.19199,10.01370,0
1506258630,22159366,1.19199,10.01370,0
1506258630,22159362,1.19199,10.01370,0
1506258630,22159357,1.19199,10.01370,0
1506258628,22159356,1.19199,10.01370,0
1506258628,22159355,1.19199,10.01370,0
1506258606,22159338,1.19199,62.80840,0
1506258583,22159316,1.19199,363.16040,0
1506258582,22159313,1.19199,9.95740,0
1506258582,22159310,1.19199,9.95740,0
1506258582,22159308,1.19199,9.95740,0
1506258581,22159307,1.19199,9.95740,0
1506258581,22159306,1.19199,9.95740,0
1506258580,22159305,1.19199,9.95740,0
1506258580,22159304,1.19199,9.95740,0
1506258579,22159303,1.19199,9.95740,0
1506258579,22159300,1.19199,9.95740,0
1506258579,22159299,1.19199,9.95740,0
1506258578,22159298,1.19199,9.95740,0
1506258576,22159296,1.19199,9.95740,0
1506258576,22159294,1.19199,9.95740,0
1506258576,22159292,1.19199,9.95740,0
1506258575,22159291,1.19199,9.95740,0
1506258575,22159290,1.19199,9.95740,0
1506258574,22159285,1.19199,9.95740,0
1506257373,22158317,1.18754,0.04689,1
1506257373,22158315,1.18758,49.95311,1
1506257329,22158295,1.19198,519.99000,0
1506256804,22157965,1.19199,406.59840,0
1506255877,22157615,1.18753,75.00000,1
1506255729,22157551,1.18753,132.84829,1
1506254885,22157181,1.18770,16.21578,1
1506254882,22157178,1.18768,39.91225,1
1506254881,22157173,1.18768,127.12944,1
1506254841,22157167,1.18874,16.39635,1
1506254840,22157166,1.18873,16.39635,1
1506254393,22157060,1.19028,16.92976,1
1506254272,22157009,1.19000,26.79273,1
1506254263,22157006,1.18998,26.79273,1
1506253296,22156718,1.18752,28.06709,1
1506253296,22156717,1.18902,31.93291,1
1506252845,22156498,1.19247,307.68883,0
1506252658,22156384,1.19248,206.96000,0
1506252657,22156383,1.19246,206.96000,0
1506252655,22156378,1.19247,206.96000,0
1506252593,22156334,1.19248,1116.81940,0
1506252593,22156333,1.19247,1830.00000,0
1506251825,22155808,1.18750,652.36352,1
1506251825,22155807,1.18832,24.16969,1
1506251468,22155709,1.18750,262.97264,1
1506251468,22155707,1.18750,224.58942,1
1506251467,22155705,1.18794,24.36499,1
1506251280,22155644,1.18890,24.56207,1
1506250669,22155368,1.18750,403.09982,1
1506250669,22155367,1.18751,20.02051,1
1506250664,22155363,1.18750,2.00288,1
1506250664,22155362,1.18751,448.51520,1
1506250641,22155342,1.18750,3067.79524,1
1506250640,22155338,1.18750,308.27966,1
1506250639,22155334,1.18750,100.79000,1
1506250637,22155324,1.18750,186.09000,1
1506250636,22155322,1.18750,211.16716,1
1506250636,22155321,1.18751,286.80960,1
1506250635,22155320,1.18751,208.84000,1
1506250602,22155289,1.18751,190.12398,1
1506250599,22155286,1.18751,169.94176,1
1506250598,22155283,1.18752,20.18222,1
1506250590,22155268,1.18750,2.86896,1
1506250589,22155267,1.18751,563.00000,1
1506250589,22155265,1.18752,20.34529,1
1506250582,22155258,1.18750,565.70134,1
1506250582,22155256,1.18800,20.50971,1
1506250360,22155175,1.18752,30.42253,0
1506250359,22155174,1.18751,327.75999,1
1506250359,22155173,1.18752,100.00000,1
1506250358,22155172,1.18774,30.42253,1
1506250262,22155144,1.18764,19.51334,0
1506250011,22155086,1.18763,15.14108,0
1506250002,22155069,1.18763,15.24202,0
1506249999,22155066,1.18763,11.38463,0
1506249856,22155009,1.18751,656.60880,0
1506249856,22155007,1.18751,63.29559,1
1506249719,22154963,1.18763,15.13991,0
1506249713,22154950,1.18763,292.68993,0
1506249686,22154921,1.18751,22.02857,1
1506249686,22154920,1.18752,31.64779,1
1506249684,22154916,1.18751,6.25418,1
1506249684,22154915,1.18751,47.47169,1
1506249676,22154909,1.18750,25.38948,1
1506249673,22154906,1.18751,462.45276,1
1506249673,22154904,1.18751,265.47444,1
1506249673,22154903,1.18751,191.27478,1
1506249673,22154901,1.18751,62.97749,1
1506249673,22154900,1.18752,32.41328,1
1506249672,22154898,1.18752,157.58672,1
1506249672,22154897,1.18767,32.41328,1
1506249578,22154851,1.18751,2.15225,1
1506249578,22154850,1.18752,380.00000,1
1506249577,22154848,1.18816,32.82658,1
1506249293,22154792,1.18766,33.12301,1
1506249058,22154721,1.18752,163.08614,1
1506249058,22154720,1.18762,43.03386,1
1506249031,22154710,1.18757,203.82000,1
1506249030,22154709,1.18751,160.40017,1
1506249030,22154708,1.18756,43.41983,1
1506249028,22154701,1.18757,203.82000,1
1506249017,22154692,1.18752,158.60567,1
1506249016,22154690,1.18798,43.77433,1
1506249010,22154686,1.18753,119.31823,1
1506249009,22154685,1.18796,44.13177,1
1506248941,22154635,1.18775,44.99000,1
1506248929,22154634,1.18772,0.25718,1
1506248929,22154633,1.18772,44.49207,1
1506248533,22154477,1.18751,1.91354,1
1506248532,22154475,1.18751,17.28063,1
1506248530,22154472,1.18752,12.73082,0
1506248529,22154470,1.18780,12.73082,1
1506248253,22154388,1.18755,12.80724,0
1506248253,22154387,1.18753,204.75654,0
1506248252,22154386,1.18753,13.07777,0
1506248249,22154381,1.18753,204.95206,0
1506248249,22154379,1.18754,13.07777,1
1506248247,22154378,1.18753,381.79351,1
1506248244,22154372,1.18845,16.04620,1
1506248040,22154242,1.18775,16.17769,1
1506247947,22154180,1.19300,1215.18360,0
1506247946,22154179,1.19299,777.40820,0
1506247946,22154177,1.19299,222.59180,0
1506247945,22154175,1.19250,50.00000,0
1506247945,22154174,1.19246,1720.00000,0
1506247845,22154124,1.19240,393.27765,0
1506247845,22154123,1.19011,10.20697,0
1506247845,22154122,1.19009,659.90238,0
1506247519,22154001,1.18751,871.59943,0
1506247519,22154000,1.18751,105.40937,0
1506247506,22153997,1.18751,1079.68320,0
1506247502,22153995,1.18750,50.00000,1
1506247499,22153994,1.18751,9.06505,0
1506247498,22153993,1.18751,0.00001,1
1506247497,22153991,1.18751,150.57001,1
1506247496,22153989,1.18751,985.43558,1
1506247496,22153988,1.18751,13.72646,1
1506247496,22153986,1.18751,19.28103,1
1506247496,22153983,1.18799,9.15374,1
1506247496,22153982,1.18877,9.06505,1
1506247165,22153845,1.18799,485.68485,1
1506247165,22153843,1.18846,9.15097,1
1506246965,22153738,1.18799,190.47747,1
1506246965,22153737,1.18813,9.27252,1
1506246906,22153706,1.18799,669.57999,1
1506246905,22153704,1.18799,10.09078,1
1506246905,22153703,1.18805,9.35682,1
1506246878,22153691,1.18799,70.24554,1
1506246878,22153688,1.18876,9.43467,1
1506246536,22153623,1.18799,2283.42869,1
1506246535,22153622,1.18800,14.46078,1
1506246535,22153621,1.18800,9.64052,1
1506246485,22153610,1.18800,9.86563,0
1506246485,22153609,1.18799,281.33894,1
1506246485,22153608,1.18800,7.31338,1
1506246484,22153607,1.18800,2100.80135,1
1506246484,22153606,1.18801,10.08632,1
1506246479,22153599,1.18800,21.26477,1
1506246479,22153598,1.18801,7.36613,1
1506246479,22153597,1.18806,10.08632,1
1506246476,22153594,1.18805,9.27419,1
1506246457,22153584,1.19013,10.17044,1
1506244399,22153006,1.18800,807.75999,1
1506244360,22152982,1.18800,2201.51866,1
1506244302,22152955,1.18800,398.04998,1
1506244297,22152952,1.18800,590.38000,1
1506244286,22152945,1.18801,5.55376,0
1506244285,22152943,1.18801,320.96362,1
1506244284,22152941,1.18801,547.95400,0
1506244282,22152933,1.18801,331.15125,1
1506244282,22152931,1.18801,319.99999,1
1506244268,22152909,1.18800,1463.19638,1
1506244267,22152906,1.18800,1480.90092,1
1506244267,22152905,1.18802,5.79269,1
1506244265,22152900,1.18801,341.45548,0
1506244265,22152897,1.18801,7.72359,1
1506244265,22152895,1.18801,5.79269,1
1506244264,22152893,1.18802,319.99462,1
1506244254,22152886,1.18803,3093.44286,0
1506242557,22152198,1.19338,530.00000,1
1506242539,22152195,1.19338,530.00000,0
1506242268,22152087,1.18800,71.05219,1
1506242079,22152046,1.18800,26.88017,1
1506242074,22152043,1.18800,80.02872,1
1506241951,22152005,1.18800,29.48000,1
1506241864,22151963,1.18800,203.35002,1
1506241858,22151954,1.18801,67.17116,1
1506241824,22151921,1.18800,0.87886,1
1506241824,22151919,1.18801,170.00000,1
1506241648,22151851,1.18800,369.01289,1
1506241516,22151789,1.18800,1154.76431,1
1506241516,22151788,1.18801,330.00000,1
1506241423,22151720,1.18800,285.80811,1
1506241423,22151719,1.18801,29.57224,1
1506241423,22151718,1.18801,39.42965,1
1506241421,22151714,1.18803,19.71483,1
1506241421,22151713,1.18803,210.02000,1
1506241420,22151712,1.18803,449.98000,1
1506241416,22151707,1.18804,694.70999,1
1506241416,22151706,1.18804,277.63653,1
1506241270,22151647,1.19339,141.57355,0
1506241270,22151646,1.19339,48.42645,0
1506241240,22151636,1.19338,230.70610,0
1506241236,22151627,1.19341,35.09340,1
1506241236,22151626,1.19341,35.09340,1
1506241235,22151625,1.19341,35.09340,1
1506241235,22151624,1.19341,35.09340,1
1506241235,22151622,1.19341,35.09340,1
1506241235,22151621,1.19341,35.09340,1
1506241235,22151620,1.19341,35.09340,1
1506241235,22151619,1.19341,14.21952,1
1506241234,22151617,1.19341,19.61539,1
1506241234,22151616,1.19341,1.25849,1
1506241234,22151614,1.19341,26.72298,1
1506241232,22151609,1.19341,1.73156,1
1506241232,22151607,1.19342,36.19904,1
1506241231,22151605,1.19341,6.63886,1
1506241231,22151604,1.19341,35.09340,1
1506241231,22151603,1.19341,0.46615,1
1506241230,22151602,1.19339,6.64575,0
1506241230,22151601,1.19339,7.11190,0
1506241230,22151600,1.19339,7.11190,0
1506241229,22151599,1.19339,7.11190,0
1506241229,22151598,1.19339,0.00002,0
1506241229,22151597,1.19339,7.11188,0
1506241226,22151589,1.19341,170.69777,1
1506241225,22151586,1.18873,543.39353,0
1506241225,22151585,1.18803,422.89580,0
1506241223,22151583,1.18802,132.76713,0
1506241221,22151582,1.18801,217.96680,1
1506241221,22151581,1.18802,56.90185,1
1506241221,22151580,1.18802,75.86914,1
1506241220,22151577,1.18876,37.93457,1
1506241219,22151574,1.18803,39.16543,1
1506241219,22151573,1.18875,37.93457,1
1506240999,22151454,1.19344,0.00003,1
1506240999,22151453,1.19351,38.58862,1
1506240992,22151450,1.19349,38.58862,1
1506240967,22151415,1.19343,307.75372,0
1506240967,22151414,1.19343,754.73015,0
1506240963,22151400,1.19343,402.58948,0
1506240963,22151399,1.19310,305.75532,0
1506240963,22151397,1.19310,477.44505,0
1506240963,22151395,1.19310,20.91796,0
1506240963,22151394,1.19304,1619.37085,0
1506240963,22151393,1.19300,1378.97850,0
1506240963,22151392,1.19299,600.00000,0
1506240963,22151391,1.19298,194.94284,0
1506240949,22151385,1.18862,66.25310,1
1506240949,22151384,1.18862,89.35394,1
1506240949,22151383,1.18862,48.60903,1
1506240948,22151382,1.18864,368.03715,1
1506240946,22151381,1.18862,311.05882,1
1506240946,22151380,1.18863,23.92627,1
1506240945,22151379,1.19300,5000.00000,0
1506240945,22151378,1.19300,2646.90150,0
1506240945,22151377,1.19297,197.95350,0
1506240784,22151242,1.18804,1101.95545,1
1506240776,22151234,1.19298,4190.00000,0
1506240776,22151233,1.19297,810.00000,0
1506240689,22151203,1.18800,347.95999,1
1506240609,22151177,1.18800,110.05893,1
1506240602,22151165,1.18800,888.71213,1
1506240514,22151117,1.18818,1293.00000,0
1506240512,22151116,1.18818,218.07565,0
1506240511,22151115,1.18818,427.42083,0
1506240509,22151109,1.18820,1730.00000,1
1506240064,22150885,1.19304,706.90389,0
1506240064,22150884,1.19299,4000.00000,0
1506240064,22150883,1.19298,220.00000,0
1506240064,22150882,1.19298,73.09611,0
1506240062,22150881,1.18625,70.00000,1
1506239919,22150720,1.18623,712.51999,1
1506239688,22150519,1.19304,1673.72526,0
1506239688,22150518,1.19303,776.42930,0
1506239688,22150517,1.19105,1000.00000,0
1506239688,22150514,1.19105,1119.84544,0
1506239688,22150513,1.19104,430.00000,0
1506239493,22150414,1.18583,5.52899,1
1506239493,22150413,1.18803,12.61746,1
1506239493,22150412,1.18828,35.83455,1
1506239382,22150378,1.18821,36.14267,1
1506239082,22150261,1.18816,36.64662,1
1506239080,22150257,1.18812,0.12304,0
1506239076,22150255,1.18815,36.76966,1
1506238840,22150195,1.19105,434.26096,0
1506238840,22150194,1.19103,664.37024,0
1506238840,22150193,1.19103,1098.63120,0
1506238836,22150186,1.19105,1098.63120,0
1506238836,22150184,1.19105,1098.63120,0
1506238836,22150183,1.19105,248.63120,0
1506238836,22150182,1.19100,850.00000,0
1506238835,22150180,1.19099,978.27931,0
1506238835,22150179,1.18809,120.35189,0
1506238835,22150178,1.18809,213.68686,0
1506238835,22150177,1.18809,500.31580,0
1506238835,22150176,1.18808,149.47221,0
1506238835,22150175,1.18805,222.52578,0
1506238835,22150174,1.18801,12.63055,0
1506238716,22150131,1.18576,16.00480,1
1506238716,22150130,1.18635,19.42583,1
1506238716,22150128,1.18635,14.56937,1
1506238655,22150110,1.18801,671.59922,0
1506238655,22150109,1.18800,27.29658,0
1506238400,22149935,1.18573,35.82159,1
1506238400,22149934,1.18580,5.91660,1
1506238399,22149931,1.18573,468.34180,1
1506238040,22149833,1.18573,974.25246,1
1506238040,22149832,1.18574,33.30614,1
1506238037,22149831,1.18581,26.26305,0
1506237753,22149689,1.18574,8.91907,1
1506237753,22149688,1.18574,57.28085,1
1506237753,22149687,1.18588,0.76000,1
1506237752,22149686,1.18588,5.24956,1
1506237752,22149685,1.18589,27.29658,1
1506237751,22149684,1.18588,493.74999,1
1506237751,22149683,1.18588,19.01001,1
1506237749,22149678,1.18588,481.23044,1
1506237749,22149677,1.18592,27.29658,1
1506237726,22149661,1.18589,71.60106,1
1506237726,22149660,1.18590,28.15014,1
1506237721,22149654,1.18600,28.64042,0
1506237720,22149653,1.18600,25.15724,1
1506237719,22149648,1.18600,584.30027,1
1506237719,22149646,1.18600,613.60973,1
1506237718,22149642,1.18600,51.97491,1
1506237718,22149641,1.18600,2159.63369,1
1506237718,22149637,1.18600,584.96930,1
1506237717,22149636,1.18603,28.64042,1
1506237708,22149628,1.18601,29.19999,1
1506237705,22149626,1.18600,1230.17029,1
1506237704,22149619,1.18600,613.30359,1
1506237704,22149618,1.18600,1343.35641,1
1506237703,22149616,1.18600,583.91001,1
1506237703,22149615,1.18609,29.39357,1
1506237702,22149611,1.18600,143.78300,1
1506237702,22149609,1.18608,29.39357,1
1506237663,22149600,1.18600,63.15000,1
1506237662,22149596,1.18601,34.00709,0
1506237661,22149595,1.18600,1028.57069,1
1506237661,22149594,1.18601,647.24397,1
1506237661,22149593,1.18601,6.95467,1
1506237659,22149587,1.18601,44.49674,1
1506237659,22149586,1.18601,73.06633,1
1506237659,22149585,1.18601,94.76867,1
1506237658,22149584,1.18605,131.54797,1
1506237658,22149583,1.18607,34.00709,1
1506237653,22149578,1.18605,150.54999,1
1506237617,22149561,1.18605,139.08227,1
1506237617,22149560,1.18605,58.42000,1
1506237615,22149554,1.18605,662.97675,1
1506237615,22149553,1.18608,34.30094,1
1506237602,22149548,1.18628,34.59742,1
1506237498,22149509,1.18605,214.87290,1
1506237498,22149508,1.18608,35.20060,0
1506237497,22149507,1.18605,163.86939,1
1506237497,22149506,1.18608,35.20060,1
1506237481,22149500,1.18637,35.50485,1
1506237312,22149440,1.18605,98.66916,1
1506237312,22149438,1.18607,35.81170,1
1506237217,22149423,1.18605,295.63029,1
1506237217,22149422,1.18605,66.83530,1
1506237215,22149418,1.18605,819.47924,1
1506237215,22149417,1.18607,0.18267,1
1506237214,22149413,1.18607,36.35049,1
1506236736,22149107,1.18608,42.57110,1
1506236734,22149096,1.18605,1198.06674,1
1506236734,22149095,1.18606,95.74539,1
1506236734,22149093,1.18606,71.77833,1
1506236734,22149092,1.18607,42.78503,1
1506236728,22149063,1.18652,24.25503,1
1506236726,22149050,1.18652,18.53000,1
1506236529,22148852,1.18624,43.15518,1
1506236444,22148747,1.18735,12.05000,1
1506235864,22148310,1.18801,905.03535,1
1506235862,22148307,1.18801,681.78140,1
1506235861,22148301,1.18801,998.35860,1
1506235860,22148295,1.18801,547.33966,1
1506235860,22148290,1.18801,45.39000,1
1506235859,22148287,1.18801,8.61000,1
1506235859,22148286,1.18802,65.72000,1
1506235858,22148278,1.18801,94.06000,1
1506235857,22148272,1.18801,104.50830,1
1506235855,22148258,1.18801,238.82996,1
1506235855,22148253,1.18801,332.87621,1
1506235855,22148252,1.18801,43.21052,1
1506235854,22148249,1.18802,30.06948,1
1506235854,22148247,1.18802,45.10423,1
1506235851,22148232,1.18804,1584.29566,1
1506235851,22148230,1.18804,1748.49434,1
1506235850,22148221,1.18805,299.51482,0
1506235850,22148217,1.18806,45.10423,0
1506235849,22148215,1.18806,30.06948,0
1506235849,22148213,1.18806,60.13897,0
1506235849,22148210,1.18806,84.53571,1
1506235848,22148206,1.18804,607.21000,1
1506235847,22148199,1.18805,492.18877,1
1506235844,22148175,1.18804,60.00000,1
1506235843,22148162,1.18805,0.05086,0
1506235843,22148155,1.18805,40.02013,1
1506235842,22148151,1.18807,4.70290,1
1506235841,22148138,1.18808,71.31000,1
1506235837,22148104,1.18807,71.27000,1
1506235836,22148094,1.18809,305.40780,0
1506235835,22148086,1.18811,26.68009,1
1506235834,22148075,1.18811,1797.28692,1
1506235829,22148027,1.19312,67.87216,1
1506235828,22148025,1.19312,406.93338,1
1506235826,22148014,1.19312,110.66710,1
1506235826,22148012,1.19313,75.97290,1
1506235825,22148008,1.19312,270.28776,1
1506235825,22148007,1.19312,319.46013,1
1506235824,22148001,1.19312,20.91796,1
1506235824,22148000,1.19312,116.12000,1
1506235823,22147995,1.19312,399.26231,1
1506235823,22147993,1.19312,684.76557,1
1506235822,22147988,1.19312,170.99483,1
1506235822,22147987,1.19312,1562.30108,1
1506235821,22147984,1.19312,323.45932,1
1506235821,22147983,1.19312,1353.45937,1
1506235820,22147981,1.19311,19.46662,0
1506235820,22147980,1.19311,256.41955,0
1506235820,22147979,1.19311,256.41486,0
1506235817,22147963,1.18840,272.98730,1
1506235815,22147960,1.19082,79.32649,0
1506235814,22147953,1.19313,0.00374,1
1506235813,22147949,1.19313,51.14986,1
1506235813,22147948,1.19313,51.15360,1
1506235813,22147947,1.19313,51.15360,1
1506235813,22147946,1.19313,51.15360,1
1506235813,22147943,1.19313,51.15360,1
1506235810,22147939,1.19310,51.15360,0
1506235810,22147938,1.19310,51.15360,0
1506235471,22147726,1.18808,127.30324,1
1506235471,22147725,1.18809,84.11388,1
1506235465,22147721,1.18805,382.55961,1
1506235465,22147720,1.18806,94.56468,1
1506235459,22147711,1.18873,36.83434,0
1506235458,22147709,1.18873,223.44018,1
1506235458,22147708,1.18876,111.72009,1
1506235337,22147621,1.18991,105.06964,1
1506235335,22147607,1.18991,86.91078,1
1506235334,22147603,1.18990,6.00000,1
1506235332,22147601,1.19053,191.98047,1
1506235063,22147504,1.19060,229.96946,1
1506234099,22147181,1.19340,286.24266,0
1506234098,22147167,1.19341,112.55833,0
1506234094,22147149,1.19339,223.90914,1
1506234093,22147146,1.19339,183.40966,1
1506234093,22147141,1.19339,294.66980,1
1506234091,22147130,1.19339,294.60068,1
1506234090,22147125,1.19339,272.33669,1
1506234089,22147123,1.19339,21.98415,1
1506234088,22147112,1.19339,214.20218,1
1506234087,22147106,1.19339,391.15522,1
1506234085,22147100,1.19339,44.04261,1
1506234082,22147091,1.19339,298.65206,1
1506234081,22147089,1.19339,519.47918,1
1506234081,22147087,1.19339,914.14542,1
1506234081,22147086,1.19339,575.36998,1
1506234081,22147085,1.19339,858.25001,1
1506234080,22147084,1.19339,92.33426,1
1506234074,22147067,1.19339,109.88524,1
1506234073,22147063,1.19339,429.04589,1
1506234073,22147062,1.19339,109.25504,1
1506234073,22147061,1.19340,107.24664,1
1506234073,22147060,1.19340,84.17749,1
1506234073,22147058,1.19340,109.88524,1
1506234073,22147057,1.19340,31.82942,1
1506234071,22147048,1.19339,587.80728,1
1506234071,22147046,1.19339,63.55308,1
1506234070,22147044,1.19339,332.61232,1
1506234070,22147042,1.19339,374.13065,1
1506234069,22147040,1.19339,53.87243,1
1506234069,22147039,1.19339,760.61540,1
1506234069,22147038,1.19339,760.61540,1
1506234069,22147037,1.19339,760.61540,1
1506234069,22147035,1.19339,3.04137,1
1506234068,22147034,1.19339,28.67403,1
1506234067,22147031,1.19248,728.90000,0
1506234067,22147029,1.19248,51.38000,0
1506234067,22147028,1.19248,709.23540,0
1506234063,22147021,1.19345,19.66460,1
1506234063,22147018,1.19345,354.46610,1
1506234063,22147016,1.19345,19.65934,1
1506234063,22147014,1.19345,109.88524,1
1506234062,22147013,1.19345,244.58612,1
1506234062,22147011,1.19345,374.13070,1
1506234062,22147009,1.19345,374.13070,1
1506234062,22147007,1.19345,134.97212,1
1506234062,22147006,1.19345,239.15858,1
1506234062,22147004,1.19345,100.29794,1
1506234061,22147003,1.19346,376.81348,1
1506234060,22147000,1.19345,273.83276,1
1506234060,22146999,1.19345,313.22159,1
1506234060,22146997,1.19345,60.90911,1
1506234060,22146994,1.19345,23.26237,1
1506234059,22146992,1.19345,350.86833,1
1506234059,22146991,1.19345,374.13070,1
1506234059,22146990,1.19345,374.13070,1
1506234059,22146989,1.19345,23.26237,1
1506234058,22146982,1.19345,350.86833,1
1506234058,22146981,1.19345,0.00526,1
1506234058,22146977,1.19345,374.12544,1
1506234053,22146971,1.18944,1.88005,1
1506234052,22146968,1.18944,374.13065,1
1506233962,22146925,1.18920,227.90062,1
1506233961,22146924,1.18921,122.09098,1
1506233961,22146923,1.18921,253.75256,1
1506233776,22146834,1.18838,23.96601,1
1506233775,22146830,1.18836,97.25999,1
1506233774,22146829,1.18837,670.00000,1
1506233700,22146786,1.18947,18.27596,0
1506233700,22146785,1.18947,393.12626,0
1506233699,22146784,1.18948,393.12626,1
1506233699,22146783,1.18950,1330.00000,1
1506233693,22146781,1.18947,161.69350,1
1506233460,22146640,1.19361,359.30457,1
1506233460,22146639,1.19361,284.42543,1
1506233459,22146637,1.19361,87.35457,1
1506233459,22146636,1.19361,371.78000,1
1506233459,22146635,1.19361,371.78000,1
1506233459,22146634,1.19361,371.78000,1
1506233459,22146633,1.19361,240.69538,1
1506233457,22146630,1.19361,131.08462,1
1506233457,22146629,1.19361,371.78000,1
1506233457,22146628,1.19361,140.86538,1
1506233456,22146627,1.19361,230.91462,1
1506233456,22146626,1.19361,338.18538,1
1506233455,22146622,1.19361,33.59462,1
1506233454,22146621,1.19361,371.78000,1
1506233454,22146620,1.19361,238.45538,1
1506233453,22146615,1.19361,29.72276,1
1506233452,22146613,1.19361,103.60186,1
1506233452,22146612,1.19361,0.00001,1
1506233452,22146609,1.19362,540.22813,1
1506233451,22146608,1.19362,8.79507,1
1506233449,22146604,1.18896,371.77999,0
1506233436,22146587,1.19044,567.94778,1
1506232935,22146231,1.19417,595.52658,1
1506232921,22146219,1.19414,605.96748,1
1506232919,22146217,1.19413,605.97076,1
1506232869,22146172,1.19402,514.13000,1
1506232864,22146169,1.19402,3672.32760,1
1506232864,22146166,1.19402,97.46736,1
1506232863,22146164,1.19402,603.65458,1
1506232862,22146159,1.19402,1234.90395,1
1506232861,22146158,1.19402,920.00000,1
1506232860,22146157,1.19303,2143.97411,0
1506232860,22146156,1.19303,1856.02589,0
1506232860,22146155,1.19301,3143.97411,0
1506232860,22146153,1.19301,856.02589,0
1506232860,22146151,1.19300,557.65000,0
1506232859,22146150,1.19103,2820.54469,0
1506232859,22146149,1.19091,765.77942,0
1506232859,22146147,1.19091,5000.00000,0
1506232858,22146146,1.19103,1020.37331,0
1506232858,22146145,1.19100,1269.69264,0
1506232858,22146144,1.19092,919.93405,0
1506232858,22146143,1.19085,1790.00000,0
1506232853,22146134,1.19088,80.13691,0
1506232850,22146117,1.19092,80.06595,0
1506232848,22146107,1.19088,985.38000,1
1506232847,22146098,1.19087,118.92382,1
1506232660,22145925,1.18601,0.38873,1
1506232660,22145924,1.18602,80.00000,1
1506232302,22145803,1.18602,29.91518,1
1506232294,22145799,1.18602,5.94799,1
1506232294,22145797,1.18602,23.96719,1
1506232248,22145759,1.18602,0.88464,1
1506232248,22145758,1.18603,190.00000,1
1506232030,22145668,1.18603,50.00000,1
1506231984,22145645,1.18603,51.60072,1
1506231971,22145625,1.18605,5.90731,1
1506231970,22145620,1.18605,23.38122,1
1506231818,22145506,1.19089,11.88289,0
1506230953,22145199,1.18642,67.34162,0
1506230953,22145198,1.18642,18.44781,0
1506230945,22145193,1.18642,19.76036,0
1506230943,22145191,1.18642,24.95763,0
1506230822,22145135,1.18600,470.24236,1
1506230822,22145134,1.18601,12.84796,1
1506230822,22145131,1.18601,5.18986,1
1506230821,22145129,1.18601,6.91981,1
1506230821,22145128,1.18602,240.00000,1
1506230821,22145125,1.18642,24.70103,1
1506230821,22145124,1.19074,267.48377,0
1506230819,22145118,1.18642,38.20817,1
1506230817,22145112,1.19076,338.63609,0
1506230036,22144785,1.18715,5.13940,1
1506229547,22144650,1.19103,39.77050,0
1506229547,22144649,1.19103,39.77050,0
1506229546,22144648,1.19103,39.77050,0
1506229546,22144647,1.19103,39.77050,0
1506229513,22144602,1.19102,46.93650,0
1506229512,22144601,1.19102,46.93650,0
1506229512,22144600,1.19102,46.93650,0
1506229512,22144599,1.19102,46.93650,0
1506229512,22144598,1.19102,46.93650,0
1506229512,22144597,1.19102,46.93650,0
1506229512,22144596,1.19102,46.93650,0
1506229511,22144595,1.19102,46.93650,0
1506229483,22144564,1.18600,187.48999,1
1506229473,22144544,1.18600,611.96029,1
1506229457,22144495,1.18603,38.93713,1
1506229457,22144490,1.18603,21.72402,1
1506229217,22144358,1.18603,62.69879,1
1506229210,22144352,1.18603,10.78100,1
1506229204,22144349,1.18604,50.00000,1
1506229180,22144344,1.18603,119.35394,1
1506229180,22144343,1.18603,122.82656,1
1506229178,22144342,1.18773,13.76736,1
1506229177,22144340,1.18603,59.23999,1
1506229176,22144337,1.18603,283.77999,1
1506229176,22144336,1.18603,673.55376,1
1506229175,22144328,1.18771,13.72148,0
1506229085,22144283,1.18603,251.82537,1
1506229044,22144242,1.18770,164.48493,0
1506229003,22144195,1.18603,386.10000,1
1506228993,22144181,1.18603,108.97999,1
1506228993,22144180,1.18603,549.45001,1
1506228988,22144173,1.18603,134.27000,1
1506228987,22144168,1.18603,108.98000,1
1506228985,22144162,1.18603,243.22199,1
1506228985,22144161,1.18603,54.51802,1
1506228970,22144142,1.18603,54.51802,1
1506228970,22144141,1.18603,715.24142,1
1506228970,22144139,1.18610,6.74707,1
1506228891,22144053,1.18773,311.76215,1
1506228889,22144045,1.18773,361.80213,1
1506228885,22144037,1.18773,14.95600,1
1506228884,22144036,1.18773,139.73153,1
1506228881,22144030,1.18773,843.28505,1
1506228878,22144025,1.18773,169.16998,1
1506228864,22144011,1.18773,61.81000,1
1506228834,22143966,1.18773,9.17975,1
1506228828,22143960,1.18773,4.93924,1
1506228821,22143947,1.18773,402.30000,1
1506228813,22143937,1.18773,537.18999,1
1506228795,22143914,1.18773,64.87199,1
1506228785,22143908,1.18773,114.49379,1
1506228782,22143902,1.18773,5.88585,1
1506228780,22143900,1.18773,12.79408,1
1506228779,22143898,1.18773,59.69482,1
1506228754,22143865,1.18773,324.26306,1
1506228743,22143853,1.18773,5.88130,1
1506228740,22143842,1.18773,173.67969,1
1506228737,22143831,1.18773,382.30960,1
1506228734,22143824,1.18803,443.26111,1
1506228730,22143811,1.18803,73.46300,1
1506228727,22143793,1.18803,2013.51551,1
1506228725,22143764,1.18803,296.43733,1
1506228723,22143758,1.18803,353.76524,1
1506228722,22143751,1.18803,84.58729,1
1506228720,22143731,1.18803,159.05767,1
1506228375,22143426,1.18803,219.25826,1
1506228371,22143400,1.18803,0.10279,1
1506228371,22143399,1.18804,8.31591,1
1506228371,22143397,1.18804,6.23693,1
1506228349,22143337,1.18803,19.59639,1
1506228349,22143335,1.18803,212.78819,1
1506228318,22143286,1.18803,62.08598,1
1506228298,22143266,1.18803,62.08124,1
1506228298,22143263,1.18973,0.00474,1
1506228162,22143082,1.18973,86.35573,1
1506228159,22143070,1.18973,1907.85545,1
1506228154,22143060,1.18973,730.38985,1
1506228154,22143059,1.18974,0.00277,1
1506228152,22143053,1.18974,1293.08925,1
1506228152,22143051,1.18974,588.10999,1
1506228138,22142991,1.18974,328.67967,1
1506228059,22142856,1.18974,1288.89144,1
1506228056,22142845,1.18974,37.52921,1
1506227510,22142586,1.18974,19.99164,1
1506227506,22142583,1.18974,19.97165,1
1506227481,22142561,1.18974,205.99459,1
1506227469,22142554,1.18974,205.81555,1
1506226970,22142221,1.18974,368.41155,1
1506226970,22142220,1.19340,0.00002,1
1506226965,22142215,1.19003,79.72228,0
1506226965,22142214,1.18973,1275.39423,1
1506226965,22142213,1.19001,42.91712,1
1506226959,22142208,1.19001,5.81218,1
1506226959,22142207,1.19003,944.46755,1
1506226956,22142196,1.19003,308.86998,1
1506226935,22142175,1.19003,500.83557,1
1506226932,22142170,1.19003,500.83557,1
1506226927,22142163,1.19004,290.75517,1
1506226910,22142152,1.19003,754.42027,1
1506226876,22142118,1.19489,1670.11997,0
1506226852,22142113,1.19005,30.49999,1
1506226850,22142107,1.19004,263.01926,1
1506226125,22141889,1.19003,133.83999,1
1506226124,22141888,1.19341,99.50000,1
1506226124,22141886,1.19341,99.50000,1
1506226124,22141884,1.19341,99.50000,1
1506226121,22141878,1.19004,1353.19945,1
1506226121,22141877,1.19004,24.77522,1
1506226121,22141876,1.19005,5.76477,1
1506226119,22141865,1.19006,98.00396,1
1506226095,22141848,1.19006,199.00000,1
1506226025,22141784,1.19006,30.65999,1
1506226013,22141763,1.19006,162.52999,1
1506226003,22141757,1.19006,162.32999,1
1506225263,22141626,1.19006,237.07999,1
1506225258,22141623,1.19006,162.22999,1
1506225247,22141616,1.19006,162.10999,1
1506225226,22141604,1.19006,159.57999,1
1506225215,22141598,1.19006,160.48999,1
1506225196,22141592,1.19006,159.60999,1
1506225186,22141582,1.19006,158.93999,1
1506225153,22141553,1.19006,246.76067,1
1506225153,22141551,1.19006,108.06293,1
1506225123,22141509,1.19006,79.37999,1
1506225058,22141456,1.19009,1239.76284,0
1506225058,22141455,1.19009,6.35935,1
1506225024,22141394,1.19003,856.73107,1
1506225023,22141389,1.19004,6.44023,1
1506225022,22141382,1.19007,1332.52868,1
1506225022,22141380,1.19007,1270.00000,1
1506224497,22141130,1.19589,68.95000,0
1506224112,22140869,1.19589,49.30218,0
1506224106,22140851,1.19589,156.27990,0
1506224102,22140832,1.19589,482.83000,0
1506224074,22140766,1.19589,36.79000,0
1506221305,22140032,1.19590,762.60288,0
1506221305,22140031,1.19589,269.56535,0
1506221303,22140026,1.19590,454.93000,0
1506221300,22140022,1.19590,575.61761,0
1506221300,22140021,1.19589,0.76000,0
1506221299,22140018,1.19589,297.10300,0
1506221298,22140017,1.19589,749.02275,0
1506221298,22140015,1.19588,0.76000,0
1506221257,22140007,1.19588,999.24000,0
1506221257,22140006,1.19586,0.75000,0
1506221255,22140002,1.19586,149.25000,0
1506221145,22139986,1.19588,278.60000,0
1506220865,22139843,1.19008,445.77747,1
1506220864,22139841,1.19008,304.91997,1
1506220860,22139839,1.19157,144.74001,1
1506220857,22139835,1.19155,81.85920,0
1506220855,22139832,1.19155,19.88566,1
1506220855,22139831,1.19156,450.00000,1
1506220651,22139710,1.19590,3850.81000,0
1506220649,22139704,1.19590,458.78351,0
1506220648,22139702,1.19590,4585.42863,0
1506220648,22139701,1.19589,96.64920,0
1506220625,22139688,1.19589,82.19000,0
1506220610,22139678,1.19589,25.31168,0
1506220501,22139645,1.19589,118.07930,0
1506220489,22139639,1.19589,130.47000,0
1506220474,22139632,1.19589,144.17000,0
1506220461,22139629,1.19589,159.30000,0
1506220449,22139614,1.19589,176.02000,0
1506220436,22139597,1.19589,194.50000,0
1506220422,22139590,1.19589,214.92000,0
1506220408,22139568,1.19589,237.48000,0
1506220395,22139555,1.19589,232.14000,0
1506220382,22139536,1.19589,220.61000,0
1506220374,22139527,1.19589,112.53400,0
1506220373,22139525,1.19589,40.72000,0
1506220355,22139514,1.19589,130.61000,0
1506220343,22139505,1.19589,144.32970,0
1506220338,22139499,1.19589,121.26478,0
1506220338,22139497,1.19589,3783.46522,0
1506220335,22139491,1.19589,5342.25000,0
1506220334,22139489,1.19589,1694.72000,0
1506220331,22139487,1.19589,1694.42000,0
1506220329,22139483,1.19589,1694.11000,0
1506220300,22139459,1.19589,234.52000,0
1506220297,22139454,1.19589,3565.43000,0
1506220296,22139451,1.19589,751.21000,0
1506220295,22139448,1.19589,1897.01000,0
1506220295,22139443,1.19589,470.70000,0
1506220289,22139434,1.19589,2524.62700,0
1506220288,22139433,1.19588,109.38300,0
1506220281,22139427,1.19588,63.50000,0
1506220269,22139415,1.19588,114.19000,0
1506220252,22139393,1.19588,179.99000,1
1506220251,22139389,1.19589,40.81015,0
1506220251,22139388,1.19588,118.23985,0
1506220202,22139303,1.19589,1306.72763,0
1506220202,22139302,1.19589,43.13622,0
1506220202,22139300,1.19588,1000.00000,0
1506220201,22139299,1.19588,123.60735,0
1506220201,22139297,1.19587,360.00000,0
1506220193,22139273,1.19588,91.65747,0
1506220193,22139272,1.19544,6.19000,0
1506220193,22139270,1.19540,6.74707,0
1506220192,22139267,1.19504,0.00546,0
1506220192,22139265,1.19504,3017.68000,0
1506220189,22139250,1.19504,982.31454,0
1506220189,22139249,1.19500,6.74707,0
1506220188,22139248,1.19473,3779.25271,0
1506220188,22139246,1.19473,220.74729,0
1506220188,22139245,1.19460,6.75162,0
1506220188,22139244,1.19459,40.20328,0
1506220188,22139242,1.19420,6.75162,0
1506220187,22139241,1.19380,6.75619,0
1506220085,22139144,1.19340,0.00003,0
1506220084,22139143,1.19340,6.75616,0
1506220084,22139142,1.19304,49.68124,0
1506220079,22139134,1.19304,636.75986,0
1506220078,22139132,1.19304,287.16823,0
1506218840,22138469,1.19001,87.08000,1
1506218755,22138414,1.19001,80.58000,1
1506218752,22138410,1.19001,373.51000,1
1506218636,22138336,1.19001,289.33673,1
1506218541,22138307,1.19273,170.27739,0
1506218517,22138294,1.19273,26.29261,0
1506218489,22138280,1.19304,133.30650,0
1506218452,22138269,1.19304,744.65000,0
1506218445,22138259,1.19304,2143.00441,0
1506218410,22138247,1.19304,5.42976,0
1506218410,22138246,1.19300,6.76075,0
1506218033,22138065,1.19273,683.90729,0
1506218008,22138056,1.19273,1329.88000,0
1506217944,22138026,1.19273,434.45000,0
1506217935,22138016,1.19273,502.53619,0
1506217925,22137997,1.19273,1049.22652,0
1506217924,22137996,1.19250,1000.00000,0
1506217924,22137995,1.19250,28.31525,0
1506217924,22137994,1.19250,641.37124,0
1506217924,22137993,1.19250,469.59295,0
1506217924,22137992,1.19250,1598.71652,0
1506217923,22137991,1.19250,1335.64026,0
1506217923,22137990,1.19250,79.72000,0
1506217922,22137986,1.19250,299.14107,0
1506217921,22137983,1.19250,367.80000,0
1506217886,22137923,1.19250,66.74000,0
1506217868,22137905,1.19250,108.26000,0
1506217863,22137885,1.19250,24.02865,0
1506217863,22137884,1.19250,38.16779,0
1506217839,22137859,1.19250,376.23021,0
1506217828,22137837,1.19250,57.48531,0
1506217625,22137733,1.19250,20.32618,0
1506217625,22137732,1.19250,3.90065,0
1506217579,22137707,1.19250,49.78648,0
1506217528,22137644,1.19250,342.47000,0
1506217435,22137566,1.19250,1685.95865,0
1506217435,22137565,1.19250,357.08999,0
1506217435,22137564,1.19250,36.08198,0
1506217413,22137538,1.19250,217.18653,0
1506217402,22137525,1.19250,496.79603,0
1506217398,22137514,1.19250,181.03000,0
1506217398,22137511,1.19250,181.14505,0
1506217394,22137510,1.19250,64.28640,0
1506217394,22137508,1.19250,432.43161,0
1506217390,22137504,1.19250,13.61125,0
1506217368,22137490,1.19250,12.04916,0
1506217364,22137486,1.19250,12.04916,0
1506217360,22137476,1.19250,12.04916,0
1506217336,22137449,1.19250,115.47033,0
1506217332,22137439,1.19250,301.25003,0
1506217330,22137434,1.19250,300.96000,0
1506217328,22137431,1.19250,195.13421,0
1506217324,22137426,1.19250,301.23956,0
1506217319,22137410,1.19250,99.13952,0
1506217319,22137409,1.19250,203.62048,0
1506217182,22137244,1.19250,494.57161,0
1506217178,22137221,1.19250,136.45675,0
1506217178,22137220,1.19250,357.80364,0
1506217177,22137219,1.19250,1910.00751,0
1506217177,22137218,1.19250,313.19389,0
1506217177,22137217,1.19250,1744.85891,0
1506217177,22137216,1.19250,162.40969,0
1506217175,22137214,1.19250,138.17157,0
1506217174,22137212,1.19250,355.77780,0
1506217167,22137196,1.19250,677.75000,0
1506217164,22137193,1.19250,493.63854,0
1506217160,22137182,1.19250,267.45234,0
1506217160,22137179,1.19249,111.81975,0
1506217158,22137163,1.19250,465.04937,0
1506217158,22137162,1.19250,2211.65798,0
1506217157,22137161,1.19250,117.39255,0
1506217157,22137160,1.19250,130.17000,0
1506217157,22137158,1.19250,207.25168,0
1506217157,22137156,1.19250,12.23626,0
1506217157,22137154,1.19249,136.77910,0
1506217146,22137113,1.19250,566.55350,0
1506217133,22137050,1.19249,151.13645,1
1506217132,22137048,1.19250,626.96024,0
1506217132,22137047,1.19250,2512.67976,0
1506217130,22137039,1.19249,167.00240,0
1506217130,22137038,1.19249,100.94864,0
1506217129,22137036,1.19249,1379.24000,0
1506217128,22137026,1.19249,2445.06000,0
1506217126,22137021,1.19249,3026.10399,0
1506217126,22137020,1.19248,0.00601,0
1506217116,22136990,1.19248,964.04000,0
1506217098,22136950,1.19248,11.97648,0
1506217097,22136947,1.19248,11.99475,0
1506217094,22136940,1.19248,11.98276,0
1506214870,22136155,1.19107,12.71274,1
1506214869,22136153,1.19107,7.15683,1
1506214867,22136151,1.19106,17.00052,1
1506214866,22136149,1.19106,7.15683,1
1506214864,22136144,1.19123,19.86957,1
1506214863,22136141,1.19122,19.86957,1
1506214263,22135960,1.19231,24.20261,1
1506213700,22135837,1.19106,343.45348,1
1506213700,22135836,1.19117,24.40652,1
1506213470,22135707,1.19106,172.31333,1
1506213470,22135705,1.19208,24.61532,1
1506212938,22135488,1.19249,775.14000,0
1506212491,22135401,1.19106,25.17711,1
1506212491,22135400,1.19132,24.82289,1
1506212119,22135309,1.19249,1019.67000,0
1506211661,22135071,1.19248,364.63299,0
1506211603,22135053,1.19248,55.06000,0
1506211577,22135041,1.19249,55.06000,0
1506211503,22135008,1.19249,15.25576,0
1506211489,22134985,1.19249,191.38943,0
1506211486,22134984,1.19249,32.51000,0
1506211479,22134977,1.19249,253.51156,0
1506211474,22134972,1.19249,253.25159,0
1506211336,22134910,1.19248,15.30288,0
1506211309,22134883,1.19249,196.50478,0
1506211307,22134874,1.19249,1398.72870,0
1506211304,22134868,1.19249,1397.16000,0
1506211302,22134864,1.19249,3058.40071,0
1506211302,22134863,1.19248,0.20490,0
1506211301,22134861,1.19248,362.26000,0
1506211285,22134846,1.19248,447.48000,1
1506211284,22134843,1.19249,249.68295,0
1506211284,22134842,1.19248,447.48705,0
1506211269,22134829,1.19249,2311.12499,0
1506211269,22134828,1.19248,103.28397,0
1506211263,22134812,1.19248,394.89128,0
