date,tid,price,amount,type
1506297601,22174661,0.17602,32.43481000,1
1506297563,22174615,0.17602,3726.86800000,1
1506297239,22174570,0.17601,91.29298300,1
1506297216,22174569,0.17601,850.00000000,1
1506296565,22174379,0.17631,3015.00000000,1
1506296404,22174359,0.17668,67.56518800,0
1506296198,22174345,0.17730,5074.11336717,1
1506296196,22174344,0.17725,552.13501000,0
1506295850,22174283,0.17607,624.92531222,1
1506295849,22174279,0.17612,145.56893046,1
1506295619,22174234,0.17725,125.42871650,0
1506295618,22174233,0.17668,100.00000000,0
1506295337,22174163,0.17623,61.60332300,1
1506294706,22174070,0.17726,534.43055399,0
1506294702,22174065,0.17749,3607.77356470,1
1506294702,22174063,0.17727,742.05372000,0
1506294700,22174062,0.17723,2500.00000000,0
1506294495,22174037,0.17748,1767.22402524,1
1506294495,22174036,0.17747,144.47304763,0
1506294494,22174035,0.17743,146.88447423,0
1506294494,22174034,0.17735,144.28256261,0
1506294494,22174033,0.17731,146.69060961,0
1506294493,22174032,0.17730,109.70711000,0
1506294493,22174031,0.17723,144.09203169,0
1506294493,22174030,0.17722,153.26411000,0
1506294492,22174029,0.17721,2500.00000000,1
1506294492,22174028,0.17719,146.49683998,0
1506294492,22174027,0.17675,123.28711800,0
1506294490,22174026,0.17636,100.00000000,0
1506294258,22173982,0.17596,61.73913000,1
1506293954,22173884,0.17700,7627.77609197,1
1506293953,22173883,0.17700,9447.81191000,1
1506293953,22173882,0.17700,1230.57854500,1
1506293953,22173881,0.17700,3418.95413100,1
1506293952,22173879,0.17700,1000.00000000,0
1506293805,22173793,0.17699,1303.40110220,0
1506293685,22173740,0.17703,5340.90569858,0
1506293576,22173710,0.17710,1152.50000000,1
1506293447,22173686,0.17713,57.43437764,0
1506293139,22173644,0.17718,291.68291376,0
1506293139,22173643,0.17718,1487.37400000,1
1506293139,22173642,0.17711,143.90160762,0
1506293138,22173641,0.17701,701.79114495,0
1506293138,22173640,0.17699,143.71144400,0
1506293136,22173638,0.17687,143.52123678,0
1506293109,22173628,0.17597,86.00000000,0
1506292963,22173580,0.17553,2953.13540650,1
1506292804,22173502,0.17686,67.75639588,0
1506292804,22173501,0.17600,0.00000012,0
1506292800,22173500,0.17574,51.88754000,1
1506292671,22173399,0.17600,1354.85015300,0
1506292671,22173398,0.17590,300.00000000,0
1506291884,22173053,0.17545,34.11245369,0
1506291738,22173039,0.17535,61.54798800,1
1506291413,22172958,0.17539,4912.60178000,1
1506291257,22172932,0.17538,518.78092667,1
1506291004,22172905,0.17599,68.02204700,0
1506290792,22172871,0.17597,3861.27096000,1
1506290792,22172870,0.17597,1357.36136000,1
1506290789,22172868,0.17595,338.49243000,1
1506290789,22172867,0.17598,1357.36136000,1
1506290779,22172863,0.17600,1303.28387000,0
1506290765,22172861,0.17600,1086.43203000,0
1506290659,22172842,0.17535,61.73913000,1
1506290603,22172810,0.17521,3027.47876322,1
1506290603,22172809,0.17522,2500.00000000,1
1506290603,22172808,0.17547,143.52123678,1
1506290403,22172767,0.17559,75.70637041,1
1506290400,22172766,0.17559,68.00499000,1
1506290197,22172721,0.17500,0.00008359,0
1506290192,22172717,0.17500,187.60561859,0
1506290189,22172716,0.17500,150.02400000,1
1506290189,22172715,0.17501,1080.08803000,1
1506290189,22172714,0.17531,502.00000000,1
1506290189,22172713,0.17571,143.90160762,1
1506290189,22172712,0.17577,438.39094060,1
1506290136,22172711,0.17583,144.09203169,1
1506289940,22172697,0.17595,144.28256261,1
1506289603,22172630,0.17600,36017.88617900,0
1506289603,22172629,0.17599,1657.57033000,0
1506289602,22172628,0.17598,2281.29664000,0
1506289208,22172517,0.17601,500.00000000,1
1506289208,22172516,0.17601,936.74732957,1
1506289204,22172515,0.17604,67.99500200,0
1506289169,22172512,0.17607,144.47304763,1
1506289053,22172501,0.17601,1168.45755000,1
1506289050,22172500,0.17601,1292.08354043,1
1506289050,22172499,0.17619,144.66378957,1
1506289029,22172495,0.17631,8.85448410,1
1506288876,22172463,0.17642,28.38385671,1
1506288842,22172460,0.17642,39.69215508,0
1506288818,22172457,0.17624,136.00000000,0
1506288809,22172455,0.17643,145.04543323,1
1506288633,22172420,0.17643,1779.18217700,1
1506288137,22172321,0.17602,61.73913000,1
1506288001,22172279,0.17601,107.71158000,1
1506287404,22172167,0.17699,67.63772000,0
1506287303,22172151,0.17591,2252.41823490,1
1506287230,22172123,0.17631,28.28841246,0
1506287057,22172094,0.17581,61.73913000,1
1506286436,22171958,0.17694,2750.00000000,0
1506285604,22171786,0.17687,15.67595700,0
1506285604,22171785,0.17636,52.00000000,0
1506285412,22171738,0.17600,2410.00000000,1
1506284577,22171460,0.17621,427.61536500,0
1506284572,22171457,0.17622,3128.07512000,0
1506284572,22171456,0.17621,2500.00000000,0
1506284572,22171454,0.17599,52.00000000,0
1506284540,22171419,0.17577,61.60905800,1
1506283927,22171072,0.17666,6818.56449000,0
1506283923,22171068,0.17719,7928.82024025,1
1506283923,22171066,0.17707,146.30316628,0
1506283923,22171065,0.17701,14195.74858192,0
1506283923,22171064,0.17701,2500.00000000,1
1506283922,22171063,0.17700,131.41799000,0
1506283922,22171062,0.17700,713.13502368,0
1506283921,22171061,0.17675,24760.17298120,0
1506283921,22171060,0.17674,657.08996000,0
1506283921,22171058,0.17665,2500.00000000,1
1506283919,22171056,0.17664,2500.00000000,0
1506283895,22171049,0.17669,275.00000000,0
1506283804,22170996,0.17673,67.73722600,0
1506283757,22170965,0.17675,1894.27824520,0
1506283757,22170964,0.17674,551.37000000,0
1506283756,22170958,0.17673,178.18015051,1
1506283755,22170955,0.17673,2500.00000000,0
1506283519,22170831,0.17627,52.00000000,0
1506283459,22170796,0.17586,9.73913000,1
1506283459,22170795,0.17628,52.00000000,1
1506283183,22170694,0.17675,2156.64280073,0
1506283183,22170693,0.17670,250.00000000,0
1506283123,22170658,0.17640,415.65363000,0
1506283110,22170648,0.17640,492.95731000,0
1506283096,22170645,0.17640,410.93473000,0
1506283083,22170644,0.17640,342.55980000,0
1506283070,22170638,0.17640,285.56168000,0
1506283057,22170635,0.17640,238.04742000,0
1506283044,22170630,0.17640,238.04742000,0
1506282909,22170571,0.17670,250.00000000,0
1506282593,22170459,0.17675,1932.84727315,0
1506282593,22170458,0.17675,224.35469000,1
1506282591,22170457,0.17674,266.56003000,0
1506282473,22170437,0.17600,2.68977537,0
1506282473,22170436,0.17600,1018.77514900,0
1506282472,22170435,0.17600,1424.94000000,0
1506282170,22170279,0.17675,1172.12177437,0
1506282170,22170278,0.17674,376.28315000,0
1506282168,22170277,0.17624,898.00000000,0
1506282154,22170272,0.17577,0.00000140,0
1506282067,22170220,0.17577,321.45087000,0
1506282053,22170217,0.17577,474.35443000,0
1506282039,22170202,0.17577,474.35443000,0
1506282026,22170189,0.17577,474.35443000,0
1506282019,22170184,0.17577,725.42000000,0
1506282004,22170181,0.17673,67.73722600,0
1506281959,22170171,0.17577,1200.00000000,1
1506281666,22170111,0.17699,978.19096932,0
1506281495,22170047,0.17700,612.56497632,0
1506281495,22170046,0.17700,249.30401681,0
1506281495,22170045,0.17695,146.10974214,0
1506281494,22170044,0.17694,185.21493000,0
1506281494,22170042,0.17693,926.07463000,0
1506281494,22170040,0.17692,7739.60668000,0
1506281494,22170039,0.17690,312.63855286,0
1506281494,22170038,0.17664,99.38689000,0
1506281494,22170037,0.17659,61.93146400,0
1506281494,22170036,0.17647,146.35008499,0
1506281421,22170018,0.17635,146.15593792,0
1506281109,22169857,0.17629,333.84117080,0
1506281097,22169851,0.17629,405.53219128,0
1506281073,22169822,0.17583,888.00000000,0
1506280937,22169745,0.17531,61.73913000,1
1506280800,22169660,0.17501,524.87914000,1
1506280073,22169391,0.17519,2871.21548044,1
1506280073,22169389,0.17538,48.98314956,1
1506279862,22169260,0.17538,61.73913000,1
1506279662,22169179,0.17573,363.12085400,0
1506279224,22169027,0.17538,5595.11990000,1
1506279224,22169026,0.17541,1404.88010000,1
1506279150,22168987,0.17630,3534.66352807,0
1506279133,22168980,0.17623,145.96173558,0
1506279068,22168958,0.17620,1929.96160000,1
1506279066,22168957,0.17620,17842.68484000,0
1506279012,22168934,0.17619,3669.76768100,1
1506279009,22168932,0.17619,2293.02369000,0
1506279009,22168931,0.17618,2500.00000000,0
1506278404,22168767,0.17602,25.00659000,0
1506278403,22168766,0.17537,43.00000000,0
1506278074,22168540,0.17559,800.95677430,0
1506277954,22168491,0.17537,330.67719000,1
1506277950,22168483,0.17536,2822.32281000,0
1506277913,22168431,0.17401,1000.00000000,0
1506277910,22168427,0.17400,4221.76905442,1
1506277910,22168426,0.17400,5000.00000000,1
1506277910,22168425,0.17405,1408.13840000,1
1506277910,22168424,0.17417,99.38689000,1
1506277910,22168423,0.17430,5000.00000000,1
1506277910,22168422,0.17431,394.13294000,1
1506277910,22168421,0.17432,1970.61098000,1
1506277909,22168420,0.17460,21808.00000000,1
1506277909,22168419,0.17483,145.96173558,1
1506277902,22168402,0.17576,1494.41026400,0
1506277902,22168399,0.17575,16348.21288600,0
1506277901,22168394,0.17634,559.08292452,1
1506277901,22168393,0.17634,995.53769130,1
1506277901,22168392,0.17634,5368.74100000,1
1506277901,22168391,0.17634,4549.14325600,1
1506277901,22168390,0.17634,6229.98328200,1
1506277901,22168389,0.17634,3022.29173800,1
1506277901,22168388,0.17634,3436.18511600,1
1506277901,22168386,0.17634,3850.92060200,1
1506277900,22168385,0.17634,1168.26961600,1
1506277900,22168384,0.17634,2831.47112100,1
1506277899,22168382,0.17585,426.68887563,0
1506277899,22168381,0.17585,6248.63589300,1
1506277899,22168380,0.17585,7099.36906500,1
1506277899,22168379,0.17585,3750.65639200,1
1506277899,22168378,0.17585,5440.90428500,1
1506277899,22168377,0.17585,68631.75922600,1
1506277898,22168375,0.17585,1000.00000000,1
1506277898,22168374,0.17585,3533.19782500,1
1506277897,22168373,0.17578,3582.30003000,0
1506277897,22168372,0.17578,5000.00000000,1
1506277897,22168371,0.17578,74354.81200000,1
1506277897,22168369,0.17577,28186.44100000,0
1506277897,22168368,0.17576,7361.43000000,1
1506277896,22168365,0.17576,156.08449975,1
1506277896,22168364,0.17576,17891.98180000,0
1506277864,22168338,0.17462,331.25520987,1
1506277864,22168337,0.17470,500.00000000,1
1506277864,22168336,0.17495,1.41606013,1
1506277756,22168239,0.17495,144.73987779,1
1506277696,22168159,0.17500,507.86000000,1
1506277696,22168158,0.17500,1988.55935000,1
1506277695,22168157,0.17500,661.44065000,1
1506277695,22168156,0.17500,36.10000000,1
1506277695,22168155,0.17500,5000.00000000,1
1506277695,22168154,0.17500,752.39746200,1
1506277695,22168153,0.17500,2277.96951200,1
1506277695,22168151,0.17501,2496.41935000,1
1506277647,22168029,0.17500,1969.63302600,1
1506277647,22168028,0.17500,5000.00000000,1
1506277647,22168027,0.17500,5000.00000000,1
1506277647,22168026,0.17500,4999.99999954,1
1506277646,22168024,0.17500,0.00000046,1
1506277646,22168022,0.17501,2002.45948954,1
1506277643,22168005,0.17502,10000.00000000,1
1506277642,22168003,0.17507,84.61095499,1
1506277492,22167786,0.17608,1123.00000000,0
1506277425,22167758,0.17609,17655.41225700,1
1506277410,22167752,0.17609,32236.56000000,1
1506277394,22167745,0.17609,1147.29647800,1
1506277389,22167741,0.17609,2544.39601500,1
1506277387,22167740,0.17609,11500.00000000,1
1506277385,22167739,0.17608,2373.33525000,0
1506277385,22167738,0.17607,2500.00000000,0
1506277385,22167737,0.17559,43.00000000,0
1506277337,22167728,0.17507,61.73913000,1
1506277151,22167648,0.17514,21857.41446277,1
1506277105,22167626,0.17514,5000.00000000,1
1506277064,22167612,0.17515,835.62846000,1
1506277064,22167611,0.17516,3914.26467000,1
1506276707,22167477,0.17515,2367.00000000,1
1506276604,22167441,0.17550,68.21196600,0
1506276257,22167330,0.17514,61.73913000,1
1506276015,22167025,0.17526,1483.00000000,1
1506276015,22167024,0.17526,2500.00000000,1
1506276013,22167022,0.17650,10316.51682719,0
1506276012,22167021,0.17590,43.00000000,0
1506275495,22166769,0.17690,1687.36144714,0
1506275494,22166768,0.17683,145.91641621,0
1506275494,22166767,0.17682,2500.00000000,1
1506275494,22166766,0.17682,1420.20512000,0
1506275494,22166765,0.17671,145.72318945,0
1506275493,22166764,0.17663,250.08325444,0
1506274803,22166568,0.17664,34.76790300,0
1506274803,22166567,0.17617,33.00000000,0
1506274789,22166566,0.17666,1700.00000000,0
1506274740,22166554,0.17648,28.80825641,0
1506274589,22166534,0.17563,1367.12639800,1
1506274589,22166533,0.17587,30.00000000,1
1506274589,22166532,0.17588,2405.00000000,1
1506274419,22166495,0.17588,30.00000000,0
1506273854,22166339,0.17558,500.00000000,0
1506273854,22166338,0.17556,500.00000000,0
1506273830,22166335,0.17537,33.00000000,0
1506273737,22166309,0.17519,61.93146400,1
1506273251,22166191,0.17539,3000.00000000,1
1506273004,22166151,0.17572,35.16963500,0
1506273004,22166150,0.17548,33.00000000,0
1506272993,22166145,0.17520,7329.76811700,1
1506272656,22166024,0.17522,61.93146400,1
1506272466,22165929,0.17520,2477.11122300,1
1506272400,22165887,0.17520,193.12066000,1
1506272321,22165866,0.17523,5945.20827455,1
1506272320,22165865,0.17531,145.72318945,1
1506272320,22165864,0.17540,909.06853600,1
1506271203,22165520,0.17588,67.87933800,0
1506271137,22165503,0.17540,30.00000000,1
1506270482,22165299,0.17614,109.67294300,0
1506270482,22165298,0.17614,3390.32705700,0
1506270136,22165186,0.17540,61.93146400,1
1506270015,22165144,0.17591,261.00000000,0
1506270000,22165139,0.17543,82.95088000,1
1506270000,22165138,0.17558,110.00000000,1
1506269780,22165103,0.17631,7381.72675406,0
1506269687,22165084,0.17630,293.81484946,0
1506269403,22164950,0.17592,68.04911300,0
1506269305,22164922,0.17544,92.69372265,1
1506269303,22164921,0.17545,40.67695871,1
1506269076,22164877,0.17546,400.00000000,1
1506269057,22164875,0.17545,61.93146400,1
1506268911,22164797,0.17545,897.40157729,1
1506268667,22164723,0.17544,1000.00000000,1
1506268602,22164709,0.17631,1159.52477000,0
1506268535,22164686,0.17608,485.08170842,0
1506268486,22164667,0.17544,29.00000000,1
1506268469,22164656,0.17570,111.24361158,0
1506268270,22164583,0.17610,36.13004270,0
1506268220,22164563,0.17543,1000.00000000,1
1506267823,22164450,0.17543,354.08358379,1
1506267823,22164449,0.17543,145.91641621,1
1506267667,22164425,0.17631,609.02255639,0
1506267629,22164402,0.17689,12454.92783956,1
1506267629,22164401,0.17689,5013.62355400,1
1506267629,22164400,0.17683,145.91641621,0
1506267628,22164399,0.17671,145.72318945,0
1506267628,22164398,0.17659,145.53021614,0
1506267628,22164397,0.17647,145.33719079,0
1506267627,22164396,0.17641,69999.30000000,0
1506267627,22164394,0.17633,3391.28291800,1
1506267627,22164393,0.17633,716.15689000,0
1506267627,22164392,0.17633,3580.78443000,0
1506267625,22164390,0.17570,486.00000000,0
1506267604,22164372,0.17621,68.16147600,0
1506267600,22164360,0.17504,486.00000000,1
1506267310,22164243,0.17501,500.00000000,1
1506266537,22164045,0.17501,61.93146400,1
1506266402,22164019,0.17597,367.59842000,0
1506266400,22164016,0.17501,272.64693000,1
1506266155,22163911,0.17501,143.54287821,1
1506266155,22163910,0.17507,145.33719079,1
1506265846,22163798,0.17520,30000.00000000,0
1506265834,22163782,0.17518,9999.99999986,1
1506265834,22163780,0.17519,145.53021614,1
1506265804,22163764,0.17614,67.95254600,0
1506265711,22163732,0.17617,7000.00000000,0
1506265513,22163662,0.17500,5000.00000000,1
1506265513,22163661,0.17531,145.72318945,1
1506265505,22163658,0.17501,1556.14992520,1
1506265505,22163657,0.17530,539.85414259,1
1506265505,22163656,0.17543,84.17728621,1
1506265457,22163637,0.17543,61.73913000,1
1506265387,22163582,0.17530,961.22553686,1
1506265387,22163581,0.17555,146.10974214,1
1506265262,22163339,0.17572,213.35306168,0
1506265200,22163307,0.17600,1179.99999000,1
1506265181,22163301,0.17600,6409.29749400,1
1506265123,22163274,0.17600,9000.73947600,1
1506265121,22163270,0.17600,10116.14337400,1
1506265100,22163252,0.17600,2923.01462900,1
1506265097,22163250,0.17600,19419.42047100,1
1506265050,22163181,0.17669,29491.23779795,0
1506265050,22163180,0.17620,508.76220205,0
1506265019,22163122,0.17600,2675.77667800,1
1506265017,22163121,0.17620,1623.23779795,0
1506265017,22163120,0.17619,8372.39700000,0
1506265015,22163119,0.17611,0.00000049,0
1506265012,22163117,0.17601,2160.73722000,1
1506264968,22163093,0.17601,2328.02615200,1
1506264780,22163020,0.17601,1956.20258600,1
1506264278,22162874,0.17601,764.28405000,1
1506264277,22162873,0.17601,407.66931100,1
1506264277,22162872,0.17601,3095.80653900,1
1506264275,22162869,0.17601,2194.13909600,1
1506264256,22162814,0.17611,1746.76864166,0
1506264256,22162813,0.17609,447.37045434,0
1506264155,22162723,0.17600,2317.67673400,1
1506264155,22162722,0.17601,3174.56534000,1
1506264142,22162717,0.17601,267.38401400,1
1506264066,22162684,0.17601,13199.38495300,1
1506264066,22162683,0.17601,1708.26413900,1
1506264055,22162664,0.17600,1019.95844500,1
1506264053,22162661,0.17700,206.82877800,1
1506264053,22162660,0.17700,1931.58946200,1
1506264053,22162657,0.17700,650.72978000,0
1506264053,22162656,0.17695,130.14596000,0
1506264053,22162655,0.17693,22710.58500000,0
1506264052,22162654,0.17692,4370.12102000,0
1506264052,22162653,0.17600,1019.95844500,1
1506264051,22162652,0.17601,2129.95489300,1
1506264048,22162651,0.17600,2990.00000000,1
1506264047,22162650,0.17600,1019.95844500,1
1506264047,22162649,0.17601,2241.96073700,1
1506264045,22162641,0.17600,2928.69051100,1
1506264045,22162638,0.17600,5255.55250300,1
1506264044,22162631,0.17600,6800.59504700,1
1506264044,22162630,0.17600,10170.65230000,1
1506264044,22162629,0.17600,2107.37929600,1
1506264044,22162628,0.17600,6118.34027200,1
1506264014,22162610,0.17700,6841.88270835,1
1506264014,22162609,0.17700,2034.45943500,1
1506264013,22162607,0.17700,250.92652819,1
1506264013,22162604,0.17700,114.09673671,1
1506264011,22162601,0.17700,775.35750421,1
1506264011,22162600,0.17700,7094.60903900,0
1506264011,22162598,0.17700,1697.70381154,0
1506264011,22162596,0.17695,146.10974214,0
1506264011,22162595,0.17683,78.21749621,0
1506264010,22162594,0.17671,145.72318945,0
1506264010,22162592,0.17670,205.25681000,0
1506264010,22162590,0.17670,1026.28403000,0
1506264010,22162589,0.17594,1000.00000000,0
1506264010,22162586,0.17591,201.29903639,0
1506264010,22162584,0.17570,201.29903639,0
1506264010,22162583,0.17550,8186.77489642,0
1506264004,22162567,0.17550,68.21196600,0
1506264000,22162564,0.17530,498.92032055,1
1506264000,22162563,0.17531,145.72318945,1
1506263996,22162558,0.17550,2609.14758372,1
1506263943,22162528,0.17550,1168.76068228,1
1506263943,22162527,0.17559,499.91457372,1
1506263884,22162483,0.17591,535.35648911,0
1506262939,22162159,0.17552,61.73913000,1
1506262731,22162095,0.17553,1351.11357429,1
1506262729,22162094,0.17605,0.00000011,1
1506262204,22161606,0.17683,67.69892000,0
1506262179,22161598,0.17667,479.50293263,0
1506262029,22161282,0.17605,964.31951800,1
1506261922,22161204,0.17657,50000.00000000,0
1506261901,22161199,0.17657,99.90082369,0
1506261899,22161198,0.17656,569.99132000,0
1506261859,22161184,0.17605,61.73913000,1
1506261800,22161160,0.17675,29.50212164,0
1506261710,22161105,0.17605,1180.00000000,0
1506261555,22161035,0.17656,3544.16064550,0
1506261555,22161034,0.17655,677.21741000,0
1506261554,22161033,0.17640,1000.00000000,0
1506261453,22160985,0.17656,46259.15721000,0
1506261452,22160984,0.17655,804.61474000,0
1506261452,22160983,0.17654,2936.22805000,0
1506261400,22160967,0.17560,2875.12048421,0
1506261370,22160956,0.17669,46422.34838500,0
1506261370,22160955,0.17669,3577.65161500,0
1506261348,22160948,0.17676,50000.00000000,0
1506261333,22160944,0.17682,16780.03364204,0
1506261333,22160943,0.17680,198.67031000,0
1506261333,22160942,0.17671,145.72318945,0
1506261333,22160941,0.17664,98.67656000,0
1506261333,22160940,0.17659,145.53021614,0
1506261333,22160939,0.17650,27498.61551737,0
1506261333,22160938,0.17649,993.35153000,0
1506261332,22160937,0.17647,500.00000000,0
1506261332,22160936,0.17646,3639.39903500,0
1506261243,22160780,0.17637,422.91322445,1
1506261240,22160772,0.17550,222.09173400,1
1506261126,22160680,0.17643,395.76846341,0
1506261116,22160676,0.17645,1351.11357325,0
1506260920,22160574,0.17570,0.00000119,1
1506260920,22160573,0.17600,98.73526200,1
1506260919,22160572,0.17601,249.30401681,1
1506260660,22160459,0.17600,12361.24400000,1
1506260492,22160391,0.17600,40.02073800,0
1506260403,22160363,0.17600,13.97926200,0
1506260403,22160362,0.17576,54.00000000,0
1506259337,22159810,0.17519,61.73913000,1
1506259306,22159794,0.17650,41501.38448263,0
1506259306,22159793,0.17649,3557.85494437,0
1506259306,22159792,0.17648,1100.73526000,0
1506259306,22159791,0.17647,3840.02531300,0
1506259279,22159785,0.17572,54.00000000,0
1506259156,22159717,0.17623,50000.00000000,0
1506259136,22159701,0.17649,7442.14505563,0
1506259135,22159700,0.17647,145.33719079,0
1506259135,22159699,0.17640,19083.21148358,0
1506259135,22159698,0.17628,1307.80427000,0
1506259135,22159697,0.17627,22021.50200000,0
1506259127,22159694,0.17627,50000.00000000,0
1506259080,22159645,0.17640,3059.78851642,0
1506259080,22159643,0.17635,32.25515492,0
1506259080,22159642,0.17623,145.25721259,0
1506259080,22159641,0.17622,1553.82686000,0
1506259080,22159640,0.17620,7375.41376630,0
1506259080,22159639,0.17613,37833.45848977,0
1506258903,22159524,0.17613,25632.01288107,0
1506258902,22159522,0.17612,1846.13092000,0
1506258902,22159521,0.17611,3292.79519893,0
1506258902,22159520,0.17610,19229.06100000,0
1506258786,22159449,0.17600,46162.59156700,0
1506258786,22159448,0.17599,3837.40843300,0
1506258707,22159427,0.17598,10864.13444614,0
1506258701,22159421,0.17600,0.00000132,1
1506258624,22159353,0.17613,4496.23149816,0
1506258623,22159352,0.17606,3910.30322200,0
1506258623,22159351,0.17605,2193.42288000,0
1506258603,22159336,0.17608,67.98341800,0
1506258585,22159317,0.17611,5000.00000000,0
1506258582,22159314,0.17613,2504.25913100,0
1506258582,22159312,0.17613,2495.74086900,0
1506258579,22159302,0.17613,3425.60013100,0
1506258579,22159301,0.17612,1574.39986900,0
1506258576,22159293,0.17600,360.86010000,1
1506258570,22159281,0.17612,2393.95302000,0
1506258570,22159280,0.17612,2606.04698000,0
1506258568,22159276,0.17613,5000.00000000,0
1506258563,22159274,0.17615,5000.00000000,0
1506258562,22159273,0.17615,4814.66094510,0
1506258562,22159272,0.17611,145.06429974,0
1506258562,22159271,0.17607,40.27475516,0
1506258548,22159266,0.17599,144.87133662,0
1506258547,22159264,0.17598,643.46839000,0
1506258547,22159263,0.17587,144.67863277,0
1506258547,22159262,0.17579,100.00000000,0
1506258547,22159261,0.17575,144.48603500,0
1506258547,22159260,0.17574,3217.34196000,0
1506258547,22159258,0.17564,100.00000000,0
1506258547,22159256,0.17563,144.29354429,0
1506258462,22159181,0.17560,1500.00000000,0
1506258460,22159178,0.17560,1500.00000000,0
1506258435,22159156,0.17561,1492.91935383,0
1506258434,22159155,0.17560,7.08064617,0
1506258415,22159131,0.17560,1355.89883836,0
1506258415,22159130,0.17551,144.10116164,0
1506258391,22159080,0.17539,12551.63385400,1
1506258390,22159079,0.17539,9395.89554300,1
1506258388,22159075,0.17539,143.90888804,0
1506258372,22159058,0.17531,5000.00000000,0
1506258365,22159041,0.17530,559.60370201,0
1506258342,22158985,0.17515,30.00000000,1
1506258316,22158917,0.17515,320.41795200,1
1506258311,22158912,0.17515,3089.74661500,1
1506258310,22158910,0.17515,2602.50642000,1
1506258307,22158907,0.17515,3186.09130400,1
1506258307,22158906,0.17516,2602.50642000,1
1506258296,22158895,0.17530,3840.67752424,0
1506258296,22158894,0.17527,143.71672450,0
1506258292,22158890,0.17515,143.52482791,0
1506258257,22158847,0.17504,61.93146400,1
1506258240,22158837,0.17503,143.33304382,0
1506258016,22158673,0.17500,5731.14933280,1
1506258016,22158672,0.17500,100.00000000,0
1506258016,22158671,0.17491,74.69947356,0
1506258016,22158670,0.17487,9622.53800000,0
1506258015,22158669,0.17486,2431.60828000,0
1506258015,22158668,0.17445,54.00000000,0
1506258000,22158659,0.17403,295.00000000,1
1506256839,22157996,0.17408,1078.57506200,1
1506256803,22157962,0.17471,68.51648400,0
1506256801,22157959,0.17408,131.80027000,1
1506256789,22157945,0.17407,829.01839264,0
1506256742,22157924,0.17472,1160.36334700,0
1506256650,22157885,0.17405,1156.98652100,1
1506256350,22157782,0.17404,727.95874700,1
1506255860,22157612,0.17424,163.19972308,0
1506255808,22157594,0.17404,264.68530000,1
1506255736,22157555,0.17403,61.93146400,1
1506255600,22157479,0.17403,226.16043000,1
1506255296,22157357,0.17400,10000.00000000,1
1506255111,22157280,0.17401,5000.00000000,1
1506255004,22157216,0.17390,68.83956300,0
1506254964,22157197,0.17400,1690.18693366,1
1506254963,22157195,0.17400,9386.03973300,1
1506254963,22157194,0.17431,389.13248400,1
1506254947,22157191,0.17431,114.88500000,1
1506254658,22157135,0.17431,61.93146400,1
1506254317,22157030,0.17431,3594.05105200,1
1506254276,22157013,0.17431,280.00000000,1
1506254275,22157012,0.17431,280.00000000,1
1506254275,22157011,0.17417,280.00000000,0
1506254109,22156984,0.17479,538.57308821,1
1506253203,22156688,0.17491,68.44205600,0
1506252624,22156354,0.17479,142.94997375,0
1506252136,22156105,0.17363,61.93146400,1
1506252066,22156076,0.17439,280.00000000,1
1506251513,22155721,0.17454,716.32371476,0
1506251474,22155712,0.17400,14283.67628524,0
1506251404,22155677,0.17400,68.80000000,0
1506251256,22155643,0.17395,30000.00000000,0
1506251251,22155637,0.17395,24805.68709000,0
1506251251,22155636,0.17393,5194.31291000,0
1506251239,22155635,0.17390,11251.19254700,0
1506251230,22155634,0.17395,9087.11600000,0
1506251230,22155633,0.17382,20912.88400000,0
1506251226,22155632,0.17395,6219.68359600,0
1506251226,22155631,0.17383,4023.42040400,0
1506251226,22155630,0.17383,19756.89600000,0
1506251058,22155602,0.17336,61.93146400,1
1506251054,22155582,0.17350,21737.48011527,0
1506251024,22155547,0.17350,2872.00000000,0
1506251006,22155542,0.17350,1659.00000000,0
1506250883,22155505,0.17393,957.76197321,0
1506250837,22155484,0.17336,280.00000000,0
1506250800,22155468,0.17322,74.53745625,1
1506250800,22155467,0.17339,142.94997375,1
1506250661,22155359,0.17320,7375.41376630,1
1506250661,22155358,0.17320,600.00000000,1
1506250661,22155357,0.17321,3075.12587000,1
1506250661,22155356,0.17351,143.14152956,1
1506250635,22155318,0.17330,5000.00000000,1
1506250634,22155317,0.17340,600.00000000,1
1506250634,22155316,0.17350,148.89827994,1
1506250634,22155315,0.17363,143.33304382,1
1506250570,22155251,0.17350,1339.08838954,1
1506250568,22155250,0.17375,143.52482791,1
1506250501,22155222,0.17421,625.64962300,0
1506249603,22154868,0.17429,68.51256200,0
1506249009,22154683,0.17376,101.61290197,1
1506248929,22154632,0.17468,17.65996166,0
1506248929,22154631,0.17422,286.00000000,0
1506248537,22154478,0.17378,62.31974900,1
1506248246,22154376,0.17350,1488.73068789,0
1506248245,22154375,0.17350,20134.55019600,0
1506248244,22154366,0.17350,2428.95603113,0
1506248243,22154364,0.17360,600.00000000,1
1506248243,22154362,0.17380,9652.12609000,1
1506248243,22154361,0.17380,600.00000000,1
1506248243,22154360,0.17382,1677.20130000,1
1506248243,22154358,0.17382,6158.23725693,1
1506248242,22154357,0.17383,2500.00000000,1
1506248242,22154356,0.17387,143.71672450,1
1506248242,22154355,0.17390,40.27475516,1
1506248179,22154332,0.17449,3255.68693673,0
1506248040,22154241,0.17449,109.94928076,0
1506247954,22154185,0.17399,12392.08110200,1
1506247953,22154183,0.17401,4892.39626000,1
1506247940,22154160,0.17399,143.90888804,1
1506247940,22154158,0.17400,400.00000000,1
1506247940,22154157,0.17400,5000.00000000,1
1506247940,22154156,0.17400,5000.00000000,1
1506247939,22154155,0.17401,5406.28075000,1
1506247874,22154133,0.17401,1087.00000000,1
1506247803,22154105,0.17474,68.49296300,0
1506247674,22154044,0.17403,702.65981094,1
1506247674,22154043,0.17403,2783.36194854,1
1506247674,22154042,0.17412,6084.47418000,1
1506247674,22154041,0.17413,3279.50406052,1
1506247615,22154023,0.17430,435.37111000,0
1506247601,22154020,0.17430,418.11682000,0
1506247588,22154019,0.17430,401.54634000,0
1506247537,22154006,0.17419,62.31974900,1
1506247516,22153999,0.17430,8169.50541000,0
1506247516,22153998,0.17429,1830.49459000,0
1506247497,22153992,0.17430,8102.22920668,0
1506247497,22153990,0.17430,1024.28795180,0
1506247496,22153987,0.17429,368.63821048,0
1506247496,22153985,0.17429,3341.82380952,0
1506247466,22153966,0.17429,956.00000000,0
1506247448,22153958,0.17429,956.00000000,0
1506247425,22153954,0.17430,14714.00000000,0
1506247425,22153953,0.17418,286.00000000,0
1506247420,22153952,0.17430,5000.00000000,1
1506247420,22153951,0.17430,5000.00000000,1
1506247420,22153950,0.17430,2530.67546361,1
1506247200,22153855,0.17430,153.00000000,1
1506246002,22153465,0.17430,765.58039839,1
1506246000,22153464,0.17430,70.50830000,1
1506245915,22153450,0.17430,1480.23583800,1
1506245466,22153323,0.17403,6458.79289400,1
1506245465,22153322,0.17430,1034.09778800,1
1506245438,22153315,0.17430,3965.90221200,1
1506245438,22153314,0.17430,1131.56886200,1
1506245327,22153297,0.17430,3868.43113800,1
1506245213,22153284,0.17403,4913.68540100,1
1506245213,22153283,0.17430,5000.00000000,1
1506245213,22153282,0.17430,5000.00000000,1
1506245213,22153281,0.17431,9465.42936000,1
1506245005,22153234,0.17468,82.49170000,0
1506244937,22153225,0.17431,61.93146400,1
1506244852,22153207,0.17431,200.00000000,1
1506244752,22153189,0.17489,5.67939000,1
1506244750,22153186,0.17490,1165.72209000,0
1506244738,22153171,0.17489,4341.94804000,1
1506244540,22153076,0.17420,127.05170000,0
1506244517,22153067,0.17419,100.00000000,0
1506244511,22153066,0.17403,78.70370400,1
1506244441,22153043,0.17403,30000.00000000,1
1506244432,22153042,0.17403,2845.95358000,1
1506244412,22153014,0.17403,24271.88432700,1
1506244392,22153004,0.17430,5000.00000000,1
1506244375,22152996,0.17403,636.82883836,1
1506244375,22152995,0.17411,144.10116164,1
1506244358,22152981,0.17403,13106.29587471,1
1506244358,22152980,0.17423,82.36208029,1
1506244298,22152954,0.17430,1838.41398300,1
1506244276,22152916,0.17430,3161.58601700,1
1506244271,22152911,0.17430,1838.41398300,1
1506244255,22152889,0.17470,865.82713222,0
1506244239,22152873,0.17430,3161.58601700,1
1506244238,22152872,0.17430,3570.42157500,1
1506244203,22152843,0.17485,68.47337400,0
1506244177,22152838,0.17430,1429.57842500,1
1506244141,22152819,0.17431,1532.79471200,1
1506244062,22152793,0.17500,5000.00000000,1
1506244055,22152792,0.17500,3428.57142600,1
1506244054,22152791,0.17500,1571.42857400,1
1506244015,22152777,0.17504,9413.23179798,0
1506243862,22152724,0.17423,61.93146400,1
1506243729,22152673,0.17504,10000.00000000,0
1506243706,22152646,0.17460,153.00000000,0
1506243538,22152551,0.17403,10455.47156516,1
1506243538,22152550,0.17435,144.48603500,1
1506243449,22152530,0.17506,10000.00000000,1
1506243446,22152529,0.17403,4449.02186723,1
1506243446,22152528,0.17404,1406.29950000,0
1506243444,22152527,0.17447,144.67863277,1
1506243360,22152451,0.17430,5000.00000000,1
1506243360,22152450,0.17431,6857.30939000,1
1506243360,22152447,0.17459,144.87133662,1
1506243315,22152398,0.17500,956.95298400,1
1506243293,22152385,0.17500,3086.09403200,1
1506243283,22152379,0.17500,956.95298400,1
1506242728,22152242,0.17583,744.31818181,0
1506242701,22152232,0.17501,3500.00000000,1
1506242497,22152183,0.17485,441.00000000,0
1506242438,22152145,0.17437,54.93570026,1
1506242436,22152141,0.17471,145.06429974,1
1506242423,22152135,0.17500,200.00000000,0
1506242403,22152124,0.17567,68.13819800,0
1506242401,22152123,0.17435,301.90656741,1
1506242400,22152122,0.17483,145.25721259,1
1506242176,22152057,0.17520,53.13470422,0
1506242023,22152027,0.17572,1663.26724334,0
1506241810,22151903,0.17484,2000.00000000,1
1506241795,22151897,0.17484,546.56576000,1
1506241795,22151896,0.17500,5000.00000000,1
1506241795,22151895,0.17501,17104.52824000,1
1506241550,22151810,0.17500,5000.00000000,1
1506241468,22151762,0.17507,907.54892100,1
1506241427,22151737,0.17635,112.88926630,0
1506241427,22151736,0.17623,144.95144715,0
1506241426,22151735,0.17611,144.75888498,0
1506241426,22151734,0.17599,144.56642819,0
1506241426,22151733,0.17598,814.93283000,0
1506241426,22151731,0.17597,4299.83095000,0
1506241426,22151730,0.17587,144.37407774,0
1506241426,22151728,0.17584,4074.66417000,0
1506241426,22151726,0.17575,144.18183464,0
1506241425,22151725,0.17563,143.98969987,0
1506241425,22151724,0.17551,143.79782966,0
1506241425,22151722,0.17539,143.60591476,0
1506241425,22151721,0.17527,143.41426687,0
1506241337,22151660,0.17448,61.73913000,1
1506241237,22151630,0.17485,193.83621512,1
1506240604,22151171,0.17517,68.33656800,0
1506240603,22151169,0.17425,700.00000000,1
1506240586,22151156,0.17472,641.00000000,0
1506240257,22150965,0.17408,61.93146400,1
1506240000,22150830,0.17404,232.65172000,1
1506239959,22150786,0.17507,829.01839264,1
1506239924,22150750,0.17404,4137.57782778,1
1506239924,22150749,0.17411,430.68795222,1
1506239694,22150525,0.17499,4142.25702226,0
1506239694,22150523,0.17499,857.74297774,0
1506239676,22150500,0.17499,3308.71192226,0
1506239675,22150499,0.17499,1691.28807774,0
1506239674,22150498,0.17499,2475.16682226,0
1506239674,22150497,0.17499,2524.83317774,0
1506239672,22150495,0.17499,1641.62172226,0
1506239672,22150494,0.17499,3358.37827774,0
1506239670,22150493,0.17499,808.07662226,0
1506239670,22150492,0.17499,4166.45490000,0
1506239670,22150491,0.17499,0.00003274,0
1506239670,22150490,0.17498,25.46844500,0
1506239667,22150487,0.17498,5000.00000000,0
1506239627,22150463,0.17500,4166.45486726,1
1506239622,22150454,0.17500,833.54513274,1
1506239060,22150248,0.17488,3346.18665000,0
1506239060,22150247,0.17487,1653.81335000,0
1506239056,22150246,0.17490,5000.00000000,0
1506238804,22150152,0.17458,68.34827300,0
1506238401,22149936,0.17467,104.58360000,0
1506238049,22149846,0.17383,1611.86157300,1
1506238034,22149821,0.17400,995.77511900,1
1506237986,22149772,0.17400,4004.22488100,0
1506237982,22149771,0.17400,5000.00000000,0
1506237978,22149769,0.17400,4699.00000000,0
1506237978,22149768,0.17391,301.00000000,0
1506237877,22149740,0.17400,5000.00000000,1
1506237877,22149739,0.17400,2304.63488900,1
1506237877,22149738,0.17401,3992.14023000,1
1506237841,22149732,0.17400,943.67920200,1
1506237838,22149731,0.17401,3248.31409100,1
1506237737,22149665,0.17400,61.93146400,1
1506237719,22149649,0.17400,1689.75444500,1
1506237703,22149617,0.17402,922.96057900,1
1506237600,22149547,0.17401,300.99999000,1
1506237591,22149545,0.17401,277.13909500,1
1506237499,22149511,0.17495,104.39550000,0
1506237355,22149447,0.17477,2096.00000000,0
1506237342,22149444,0.17476,3876.00000000,0
1506237315,22149442,0.17487,2978.80036599,0
1506237236,22149425,0.17381,326.50595478,1
1506237192,22149407,0.17380,194.87765895,1
1506237192,22149406,0.17387,143.41426687,1
1506237187,22149404,0.17381,361.59184123,1
1506237183,22149397,0.17381,220.04621128,1
1506237183,22149396,0.17399,143.60591476,1
1506237135,22149362,0.17545,9877.32755771,0
1506237086,22149328,0.17393,2500.00000000,1
1506237086,22149327,0.17411,143.79782966,1
1506237086,22149325,0.17422,1573.63250000,1
1506237077,22149322,0.17392,2337.18602499,1
1506237077,22149321,0.17394,3146.98366848,1
1506237077,22149320,0.17400,4413.12469700,1
1506237077,22149319,0.17423,143.98969987,1
1506237072,22149318,0.17400,4086.87530300,1
1506237072,22149317,0.17400,69355.38799000,1
1506237072,22149316,0.17400,1000.00000000,1
1506237072,22149315,0.17400,600.00000000,1
1506237072,22149314,0.17400,4167.31900100,1
1506237069,22149311,0.17410,40.00000000,1
1506237068,22149310,0.17417,5025.54975024,1
1506237068,22149309,0.17417,98.67656000,1
1506237068,22149308,0.17435,144.18183464,1
1506237057,22149300,0.17420,6500.00000000,1
1506237056,22149299,0.17421,927.85217840,1
1506237056,22149298,0.17421,4583.39552000,1
1506237056,22149297,0.17447,144.37407774,1
1506237047,22149293,0.17420,558.67350982,1
1506237046,22149291,0.17425,5063.66248000,1
1506237046,22149290,0.17426,17944.08605000,1
1506237046,22149289,0.17459,144.56642819,1
1506237046,22149288,0.17470,4192.34355900,1
1506237008,22149252,0.17470,807.65644100,1
1506237003,22149251,0.17498,68.41076600,0
1506236995,22149247,0.17471,144.75888498,1
1506236966,22149243,0.17569,7602.72423017,1
1506236966,22149240,0.17568,17884.01300000,1
1506236966,22149239,0.17568,4482.65290000,1
1506236965,22149236,0.17497,1427.95716612,0
1506236965,22149234,0.17496,3901.58827900,1
1506236963,22149232,0.17489,3902.37215500,0
1506236872,22149204,0.17483,144.95144715,1
1506236858,22149200,0.17486,277.00000000,0
1506236820,22149179,0.17500,1038.64127200,1
1506236818,22149178,0.17620,10599.95760016,0
1506236818,22149177,0.17484,3961.35872800,0
1506236779,22149148,0.17486,22603.73051428,0
1506236756,22149136,0.17495,0.00002122,1
1506236756,22149135,0.17495,145.14440000,1
1506236736,22149106,0.17420,1357.07997400,1
1506236723,22149045,0.17639,4026.19354664,0
1506236723,22149044,0.17635,145.14442122,0
1506236723,22149043,0.17623,144.95144715,0
1506236722,22149042,0.17611,144.75873081,0
1506236722,22149040,0.17599,144.56627380,0
1506236722,22149039,0.17587,144.37376855,0
1506236722,22149038,0.17587,2914.82241175,0
1506236722,22149037,0.17586,12507.23300000,0
1506236722,22149036,0.17575,144.18152502,0
1506236722,22149035,0.17563,143.98938982,0
1506236722,22149034,0.17542,788.90257000,0
1506236721,22149033,0.17542,3944.51283000,0
1506236721,22149032,0.17514,8298.91299100,0
1506236721,22149031,0.17502,4149.45649500,0
1506236657,22148990,0.17420,61.73913000,1
1506236630,22148968,0.17507,917.21546456,0
1506236541,22148882,0.17420,2189.00416200,1
1506236536,22148871,0.17420,1833.50322418,1
1506236536,22148870,0.17423,143.98938982,1
1506236499,22148786,0.17424,10599.95760016,1
1506236490,22148775,0.17421,1348.10380898,1
1506236490,22148774,0.17435,144.18152502,1
1506236458,22148754,0.17436,100.80100000,1
1506236442,22148744,0.17425,2569.16825900,1
1506236437,22148741,0.17425,2424.79449045,1
1506236437,22148740,0.17447,144.37376855,1
1506236401,22148681,0.17489,5745.88685600,0
1506236401,22148679,0.17488,4254.11314400,0
1506236400,22148678,0.17421,162.81133620,1
1506236400,22148677,0.17459,0.00000380,1
1506236318,22148649,0.17497,8999.32810000,0
1506236318,22148648,0.17495,1000.67190000,0
1506236293,22148644,0.17507,561.88200000,0
1506236289,22148642,0.17511,190.20825000,0
1506236076,22148545,0.17459,144.56627000,1
1506236076,22148544,0.17464,109.70711000,1
1506235889,22148364,0.17472,1244.15605379,1
1506235889,22148363,0.17481,0.00000306,1
1506235867,22148321,0.17481,144.95140000,0
1506235866,22148319,0.17481,126.44332694,0
1506235865,22148317,0.17472,9540.29701500,1
1506235864,22148315,0.17473,40.08778000,1
1506235862,22148306,0.17471,3689.10421300,0
1506235857,22148274,0.17472,638.28462200,0
1506235857,22148270,0.17472,709.12555622,0
1506235855,22148250,0.17473,2258.83515836,0
1506235853,22148245,0.17479,271.39473000,0
1506235851,22148225,0.17474,1509.91552278,0
1506235847,22148203,0.17470,4168.53791019,1
1506235847,22148200,0.17471,144.75873081,1
1506235846,22148184,0.17475,1014.15268561,0
1506235845,22148179,0.17481,18.50802591,0
1506235844,22148177,0.17477,144.95140000,0
1506235844,22148176,0.17477,140.34714000,0
1506235844,22148170,0.17477,4.60426000,0
1506235844,22148169,0.17477,144.95140000,0
1506235843,22148165,0.17477,144.95140000,0
1506235843,22148163,0.17477,144.95140000,0
1506235843,22148157,0.17476,144.95140000,0
1506235842,22148152,0.17476,144.95140000,0
1506235842,22148148,0.17476,144.95140000,0
1506235842,22148145,0.17476,144.95140000,0
1506235842,22148142,0.17476,144.95140000,0
1506235841,22148139,0.17476,144.95140000,0
1506235841,22148133,0.17476,144.95140000,0
1506235837,22148099,0.17483,0.00004715,1
1506235836,22148089,0.17483,144.95140000,1
1506235824,22148004,0.17470,8405.93808800,1
1506235824,22148002,0.17470,5127.98611300,1
1506235817,22147970,0.17470,4168.53788878,1
1506235817,22147968,0.17495,0.00002122,1
1506235814,22147955,0.17495,145.14440000,1
1506235769,22147880,0.17536,1188.65160000,0
1506235764,22147867,0.17500,5000.00000000,1
1506235764,22147866,0.17500,1444.65347200,1
1506235462,22147714,0.17500,1825.71958900,1
1506235336,22147610,0.17500,1729.62693900,1
1506235335,22147606,0.17507,145.33719079,1
1506235335,22147605,0.17509,0.00000045,1
1506235242,22147557,0.17509,1953.45534600,1
1506235242,22147556,0.17515,508.00000000,1
1506235204,22147544,0.17536,68.18865300,0
1506234686,22147407,0.17514,96.00000000,1
1506234681,22147406,0.17514,1406.23049586,1
1506234681,22147405,0.17519,145.53021614,1
1506234406,22147343,0.17583,292.39651750,0
1506234406,22147342,0.17564,0.60348250,0
1506234398,22147341,0.17564,2404.00000000,0
1506234380,22147338,0.17564,5459.43051750,0
1506234379,22147337,0.17562,17168.93195000,0
1506234290,22147308,0.17562,507.00000000,1
1506234137,22147248,0.17509,46.54465355,1
1506234137,22147246,0.17510,14.43694145,1
1506234132,22147242,0.17510,25.56305855,1
1506234131,22147241,0.17531,145.72318945,1
1506234115,22147217,0.17513,6094.89369398,1
1506234115,22147215,0.17514,1211.51328000,1
1506234115,22147214,0.17520,375.79881520,1
1506234115,22147213,0.17543,145.91641621,1
1506234098,22147166,0.17522,4663.91646000,1
1506234098,22147164,0.17555,146.10974214,1
1506234097,22147162,0.17587,1451.95992439,1
1506234097,22147160,0.17587,475.25613100,1
1506234087,22147109,0.17587,2024.74386900,1
1506234085,22147099,0.17587,2500.00000000,0
1506234048,22146966,0.17589,672.61177800,1
1506234025,22146961,0.17589,1429.38822200,1
1506234019,22146960,0.17701,2047.74404165,0
1506234019,22146959,0.17695,146.10974214,0
1506234019,22146958,0.17683,145.91641621,0
1506234019,22146957,0.17676,884.87163000,0
1506234019,22146956,0.17589,4424.35817000,0
1506234018,22146955,0.17589,2500.00000000,0
1506234004,22146942,0.17595,1192.00000000,0
1506234004,22146940,0.17560,231.00000000,0
1506233984,22146935,0.17603,507.00000000,0
1506233762,22146819,0.17543,145.91641621,1
1506233761,22146818,0.17546,5598.00000000,1
1506233761,22146817,0.17547,13509.28464000,1
1506233593,22146729,0.17600,1325.70000000,1
1506233580,22146726,0.17684,1642.78250379,0
1506233580,22146725,0.17683,78.21749621,0
1506233404,22146538,0.17683,67.69892000,0
1506233058,22146325,0.17602,60.98159500,1
1506232811,22146027,0.17681,11758.25737933,1
1506232810,22146025,0.17671,145.72318945,0
1506232810,22146023,0.17663,4692.30674000,0
1506232808,22146021,0.17603,231.00000000,0
1506232084,22145704,0.17657,540.07596590,0
1506231903,22145540,0.17651,22.99344892,0
1506231902,22145539,0.17589,482.00000000,0
1506231600,22145417,0.17522,336.08354000,1
1506231373,22145362,0.17524,1615.23108100,0
1506230962,22145201,0.17520,4455.79793055,1
1506230962,22145200,0.17531,145.72318945,1
1506230871,22145171,0.17574,3500.00000000,0
1506230857,22145168,0.17574,969.52051092,0
1506230852,22145165,0.17575,2089.00000000,0
1506230832,22145150,0.17576,3189.00000000,0
1506230828,22145144,0.17520,168.40325425,1
1506230822,22145139,0.17543,145.91641621,1
1506230822,22145137,0.17551,0.00003470,1
1506230821,22145123,0.17551,1816.56253230,1
1506230820,22145122,0.17552,0.00001754,1
1506230816,22145109,0.17552,2299.66759712,1
1506230808,22145092,0.17556,907.74631500,1
1506230808,22145091,0.17556,2299.66761500,1
1506230808,22145090,0.17556,1792.58607000,1
1506230537,22144995,0.17552,61.16923100,1
1506230486,22144991,0.17552,96.46632434,1
1506230477,22144988,0.17552,482.00000000,1
1506230401,22144954,0.17552,335.69683000,1
1506230222,22144915,0.17551,3679.66643300,1
1506230222,22144914,0.17555,42.97730700,1
1506229995,22144767,0.17555,4957.02269300,1
1506229803,22144730,0.17609,67.97569700,0
1506229792,22144726,0.17613,2673.15585079,0
1506229544,22144642,0.17570,560.82200000,1
1506229544,22144641,0.17570,2500.00000000,1
1506229542,22144639,0.17569,2500.00000000,0
1506229535,22144629,0.17569,5989.36200000,0
1506229529,22144619,0.17570,477.67552221,1
1506229522,22144609,0.17570,2397.44496200,1
1506229509,22144590,0.17577,37620.96341039,0
1506229509,22144589,0.17576,2500.00000000,0
1506229501,22144578,0.17579,960.00000000,0
1506229491,22144569,0.17555,5823.69999986,1
1506229491,22144568,0.17555,146.10974214,1
1506229460,22144509,0.17593,1800.40851000,1
1506229460,22144506,0.17593,4156.19848800,1
1506229458,22144498,0.17593,0.00000200,0
1506229457,22144494,0.17513,61.16923100,1
1506229455,22144480,0.17567,146.30316628,1
1506229454,22144477,0.17593,597.22875800,1
1506229388,22144432,0.17593,4954.60924200,1
1506229388,22144431,0.17593,518.73700000,1
1506229360,22144401,0.17593,2981.26300000,1
1506229360,22144400,0.17594,5596.06900000,1
1506229273,22144381,0.17513,5043.93707502,1
1506229273,22144380,0.17514,980.23511000,1
1506229272,22144379,0.17579,146.49683998,1
1506229272,22144376,0.17582,1214.29535500,1
1506229272,22144374,0.17583,4890.20362000,1
1506229270,22144373,0.17593,6224.83200000,1
1506228949,22144112,0.17627,510.00000000,0
1506228927,22144094,0.17592,2325.05761700,1
1506228890,22144051,0.17582,785.70464500,1
1506228890,22144049,0.17591,74.02413200,1
1506228890,22144048,0.17592,1150.52388200,1
1506228888,22144040,0.17592,4913.27611800,1
1506228848,22144003,0.17591,72.66647761,1
1506228848,22144002,0.17592,4784.27150000,1
1506228846,22144000,0.17603,3577.63132223,1
1506228800,22143917,0.17603,1290.93720200,1
1506228738,22143836,0.17603,648.23847577,1
1506228738,22143835,0.17603,146.88447423,1
1506228738,22143833,0.17604,16293.74048000,1
1506228729,22143802,0.17678,6141.70300000,1
1506228729,22143800,0.17678,8688.46228857,1
1506228729,22143799,0.17678,2000.00000000,1
1506228622,22143680,0.17678,680.87957100,1
1506228589,22143666,0.17678,3869.41869200,1
1506228565,22143629,0.17678,11369.34186000,1
1506228561,22143627,0.17670,3295.66695000,0
1506228561,22143626,0.17664,9227.56700000,0
1506228438,22143530,0.17673,1139.00000000,1
1506228416,22143485,0.17672,1054.00000000,0
1506228373,22143416,0.17646,1519.54800000,1
1506228373,22143414,0.17646,821.91547500,1
1506228373,22143412,0.17646,2454.33743600,1
1506228373,22143410,0.17646,130.14711000,1
1506228344,22143325,0.17669,2500.00000000,0
1506228317,22143284,0.17646,1635.85289000,1
1506228257,22143228,0.17647,3234.00000000,0
1506228247,22143220,0.17583,204.92058415,1
1506228247,22143219,0.17603,4795.58081461,1
1506228247,22143218,0.17615,147.07828124,1
1506228180,22143111,0.17653,3500.00000000,0
1506228161,22143077,0.17668,1597.06423000,1
1506228161,22143076,0.17668,1902.93577000,0
1506228153,22143058,0.17603,204.41918539,1
1506228153,22143055,0.17627,147.27233327,1
1506228153,22143054,0.17650,864.19799134,1
1506228146,22143026,0.17650,2426.16900866,1
1506228141,22143007,0.17650,2140.37100000,1
1506228140,22143004,0.17640,95.00000000,0
1506228135,22142981,0.17604,889.47587250,1
1506228135,22142977,0.17639,147.46647752,1
1506228135,22142975,0.17650,1450.28818298,1
1506228133,22142964,0.17650,2308.35028200,1
1506228117,22142919,0.17650,4036.43004488,1
1506228117,22142918,0.17651,147.66086412,1
1506228095,22142912,0.17664,5473.78500000,1
1506228026,22142789,0.17650,14731.93149014,1
1506228026,22142788,0.17663,147.85518986,1
1506228026,22142787,0.17664,5290.13200000,1
1506228026,22142786,0.17664,97.29932000,1
1506228003,22142762,0.17696,67.64536400,0
1506228002,22142761,0.17675,5203.19000000,1
1506228002,22142760,0.17675,148.04975573,1
1506227921,22142729,0.17689,5707.55700000,1
1506227652,22142619,0.17687,4313.18414021,1
1506227651,22142618,0.17687,148.24440979,1
1506227646,22142617,0.17698,5640.73500000,0
1506227641,22142616,0.17699,0.00000013,1
1506227619,22142610,0.17700,273.15887006,0
1506227491,22142569,0.17701,108.25068000,0
1506227278,22142420,0.17701,4984.00000000,0
1506227275,22142418,0.17701,3500.00000000,0
1506227220,22142381,0.17701,3892.00000000,0
1506227209,22142373,0.17701,3718.00000000,0
1506227208,22142372,0.17701,620.00000000,0
1506227193,22142366,0.17699,5511.31099987,1
1506227193,22142364,0.17699,148.43915113,1
1506227189,22142361,0.17701,1514.00000000,0
1506227170,22142351,0.17701,5000.00000000,1
1506227170,22142350,0.17711,148.63412889,1
1506227141,22142331,0.17722,148.82904193,0
1506227133,22142324,0.17724,149.02403960,0
1506227125,22142320,0.17730,40.23186044,1
1506227125,22142319,0.17730,68.75552956,1
1506227125,22142318,0.17747,40.23187044,1
1506227125,22142317,0.17747,108.98740000,1
1506227116,22142308,0.17759,0.00003296,1
1506227116,22142307,0.17759,149.41470000,1
1506226983,22142227,0.17731,1377.84200000,1
1506226983,22142226,0.17760,86.88037000,1
1506226982,22142225,0.17771,1.18191885,1
1506226937,22142176,0.17771,61.54798800,1
1506226914,22142157,0.17760,86.88036983,0
1506226907,22142151,0.17760,54.80530550,0
1506226907,22142149,0.17745,95.00000000,0
1506226901,22142136,0.17795,150.00115845,1
1506226896,22142123,0.17800,459.26644136,1
1506226671,22142058,0.17800,6111.68861481,1
1506226671,22142057,0.17800,7915.60634519,1
1506226664,22142054,0.17800,459.26644100,1
1506226583,22142010,0.17800,1924.36039400,1
1506226581,22142008,0.17800,2960.08053600,1
1506226578,22142005,0.17800,11337.04502878,1
1506226578,22142004,0.17807,150.19694122,1
1506226242,22141939,0.17808,4307.17178600,0
1506226203,22141929,0.17849,67.06930400,0
1506226120,22141873,0.17800,13818.01343100,1
1506226120,22141872,0.17800,3739.83984500,1
1506226120,22141870,0.17800,7845.78797903,1
1506226120,22141868,0.17819,150.39294997,1
1506226072,22141816,0.17830,4281.12042700,1
1506226044,22141800,0.17830,897.24161600,1
1506226039,22141799,0.17830,3606.88540574,1
1506226039,22141798,0.17831,150.58903526,1
1506226023,22141780,0.17830,5178.36204300,1
1506226021,22141770,0.17830,6523.30285500,1
1506226017,22141768,0.17830,2012.08765296,1
1506226017,22141767,0.17843,89.61611304,1
1506225857,22141738,0.17843,61.16923100,1
1506225617,22141675,0.17872,95.00000000,0
1506225276,22141632,0.17901,3771.68666900,0
1506225234,22141609,0.17901,499.99999988,0
1506225234,22141608,0.17855,0.00000012,0
1506225132,22141528,0.17855,2280.11419900,0
1506225128,22141522,0.17855,150.98157966,1
1506225068,22141468,0.17901,2589.62228100,0
1506224672,22141178,0.17901,4811.88404900,0
1506224608,22141164,0.17901,1486.19630900,0
1506224403,22141074,0.17974,5.59546100,0
1506224403,22141073,0.17938,61.00000000,0
1506224185,22140956,0.17900,2641.06478300,1
1506224145,22140912,0.17981,5321.00000000,1
1506224101,22140826,0.18000,7985.83040657,0
1506224100,22140825,0.18000,108.06150000,0
1506224100,22140824,0.17999,2377.85758000,0
1506224100,22140822,0.17995,150.98157966,0
1506224100,22140820,0.17983,150.78534404,0
1506224100,22140819,0.17981,4844.91140973,0
1506224073,22140763,0.17981,439.88875027,0
1506224073,22140761,0.17980,3993.34219873,0
1506223337,22140612,0.17863,61.35802500,1
1506223267,22140609,0.17976,11132.68116586,0
1506223267,22140608,0.17931,61.00000000,0
1506222603,22140493,0.17980,66.58064500,0
1506222266,22140298,0.17971,679.24560708,0
1506222264,22140297,0.17913,61.00000000,0
1506222257,22140294,0.17853,61.35802500,1
1506221655,22140140,0.17900,10818.73850898,0
1506221563,22140111,0.17898,871.25851500,0
1506221401,22140050,0.17900,2512.07369600,0
1506221366,22140043,0.17900,2487.92630400,0
1506220803,22139808,0.17941,66.72537800,0
1506220544,22139652,0.17930,27.92794200,0
1506220496,22139642,0.17841,5000.00000000,1
1506219738,22138843,0.17806,61.16923100,1
1506219735,22138839,0.17980,940.07715627,0
1506219735,22138838,0.17980,3582.15449000,1
1506219734,22138837,0.17971,150.58903526,0
1506219734,22138836,0.17959,150.39294997,0
1506219733,22138835,0.17947,150.19694122,0
1506219733,22138833,0.17942,716.43090000,0
1506219733,22138832,0.17935,150.00115845,0
1506219732,22138831,0.17923,149.80530550,0
1506219732,22138830,0.17923,2428.45774058,0
1506219732,22138829,0.17911,149.60968064,0
1506219732,22138828,0.17908,3582.15449000,0
1506219730,22138821,0.17899,82.53233632,0
1506219616,22138714,0.17800,1221.41145000,0
1506219614,22138698,0.17802,1390.79400000,1
1506219003,22138525,0.17899,66.88194900,0
1506218658,22138347,0.17827,61.16923100,1
1506218400,22138244,0.17851,208.57181000,1
1506217906,22137950,0.17898,810.89140508,0
1506217906,22137949,0.17887,149.21867278,0
1506217906,22137948,0.17875,149.02344114,0
1506217811,22137822,0.17863,148.82829283,0
1506217786,22137800,0.17852,122.71721900,1
1506217773,22137794,0.17851,0.00002875,0
1506217773,22137793,0.17851,148.63320000,0
1506217203,22137276,0.17752,67.42818500,0
1506217200,22137274,0.17702,276.00000000,1
1506216477,22136642,0.17701,192.36628600,1
1506216138,22136510,0.17699,61.16923100,1
1506216000,22136467,0.17700,209.36676000,1
1506215403,22136300,0.17765,67.38643400,0
1506215358,22136284,0.17700,858.91343221,1
1506215056,22136179,0.17699,61.54798800,1
1506214804,22136129,0.17711,66.63323875,1
1506214800,22136125,0.17711,81.99999000,1
1506214574,22136039,0.17723,148.82829283,1
1506214558,22136028,0.17735,149.02344114,1
1506214540,22136026,0.17747,149.21867278,1
1506214534,22136024,0.17755,0.00000007,1
1506214301,22135975,0.17755,1928.14456468,1
1506214301,22135973,0.17759,30.06367732,1
1506213667,22135825,0.17781,1049.06169507,0
1506213652,22135809,0.17759,119.35060800,1
1506213607,22135797,0.17755,17318.16800000,1
1506213600,22135796,0.17755,39.13596636,1
1506213600,22135795,0.17771,42.86403364,1
1506213523,22135760,0.17771,106.74564700,1
1506213495,22135736,0.17755,365.84203150,1
1506213495,22135735,0.17783,149.80530550,1
1506213466,22135702,0.17800,3000.00000000,1
1506213403,22135686,0.17800,2210.90144600,1
1506213393,22135679,0.17800,3000.00000000,1
1506213341,22135666,0.17800,2985.00000000,1
1506213339,22135665,0.17800,2985.00000000,1
1506213339,22135664,0.17800,2985.00000000,1
1506213324,22135629,0.17800,2985.00000000,1
1506213316,22135625,0.17800,2985.00000000,1
1506213313,22135623,0.17800,2203.44100000,1
1506213300,22135611,0.17800,1985.00000000,1
1506213291,22135603,0.17800,2985.00000000,1
1506213285,22135598,0.17800,599.33869600,1
1506213281,22135594,0.17800,2985.00000000,1
1506213276,22135592,0.17800,2985.00000000,1
1506213265,22135584,0.17800,2985.00000000,1
1506213255,22135582,0.17800,2985.00000000,1
1506213251,22135580,0.17800,2985.00000000,1
1506213245,22135579,0.17800,2985.00000000,1
1506213241,22135576,0.17800,1181.31885800,1
1506213240,22135575,0.17800,1803.68114200,1
1506213236,22135570,0.17801,2985.00000000,1
1506213229,22135569,0.17801,1163.58995900,1
1506213221,22135565,0.17800,2985.00000000,1
1506213202,22135562,0.17800,1987.71000000,1
1506213198,22135561,0.17801,1594.95307200,1
1506213033,22135523,0.17801,1606.46780000,1
1506213033,22135522,0.17802,1363.53220000,1
1506213024,22135520,0.17801,2985.00000000,1
1506213013,22135519,0.17802,2985.00000000,1
1506213008,22135515,0.17802,1072.98287000,1
1506213008,22135514,0.17802,1372.71150000,1
1506212597,22135415,0.17802,130.99714900,1
1506212536,22135407,0.17800,61.54798800,1
1506212523,22135406,0.17801,10865.33011700,1
1506212401,22135380,0.17800,81.99986000,1
1506212105,22135301,0.17800,43080.06101000,1
1506212105,22135300,0.17800,4100.00000000,1
1506212105,22135299,0.17802,2622.93899000,1
1506212105,22135298,0.17838,192.00000000,1
1506211978,22135197,0.17866,32.16760000,0
1506211952,22135188,0.17873,2612.20544956,0
1506211805,22135163,0.17910,66.84087100,0
1506211660,22135070,0.17923,920.90330234,1
1506211659,22135069,0.17923,862.57474500,1
1506211659,22135068,0.17923,1209.42452500,1
1506211657,22135067,0.17923,149.80530550,0
1506211505,22135013,0.17920,0.00013260,1
1506211503,22135009,0.17920,101.68716518,1
1506211457,22134961,0.17920,61.54798800,1
1506211337,22134911,0.17920,101.99988840,1
