date,tid,price,amount,type
1505692760,21687716,3124.36,0.13388800,0
1505692639,21687679,3131.64,0.01592456,0
1505692571,21687636,3131.76,0.10542025,0
1505692571,21687635,3110.97,0.10000000,0
1505692348,21687394,3134.08,0.29885963,0
1505692334,21687386,3134.18,0.03570406,0
1505692334,21687385,3134.15,0.13922625,0
1505692332,21687379,3110.19,0.01110000,1
1505692161,21687234,3112.33,0.02305870,1
1505692072,21687140,3141.33,0.05329455,0
1505692072,21687139,3125.00,0.39899467,0
1505692072,21687138,3124.99,0.25000000,0
1505692072,21687136,3124.99,0.02663842,0
1505692072,21687134,3124.98,0.01657964,0
1505692072,21687133,3123.86,0.00474272,0
1505692066,21687128,3111.90,0.02667180,1
1505692065,21687126,3123.86,0.02025728,1
1505692044,21687107,3124.98,0.01000000,0
1505691908,21686979,3112.15,0.06276500,1
1505691779,21686928,3124.93,0.00924626,0
1505691779,21686927,3112.42,0.00014402,0
1505691779,21686926,3112.41,0.00014910,0
1505691779,21686925,3111.55,0.00015156,0
1505691773,21686919,3110.95,0.00015849,0
1505691759,21686914,3110.00,0.00015264,0
1505691739,21686899,3109.46,0.00015057,0
1505691667,21686879,3108.70,0.00025802,0
1505691664,21686878,3108.70,0.09201373,0
1505691631,21686858,3108.76,0.05921097,1
1505691623,21686824,3108.78,0.02673075,1
1505691601,21686752,3108.71,0.00017426,0
1505691585,21686735,3108.71,0.02652491,0
1505691552,21686711,3118.65,0.03669115,0
1505691552,21686709,3116.58,0.00015259,0
1505691552,21686707,3116.00,0.02663671,0
1505691552,21686706,3112.59,0.00014265,0
1505691547,21686697,3112.70,0.02252570,0
1505691546,21686696,3112.70,0.00014514,1
1505691546,21686695,3112.70,0.00021251,1
1505691546,21686694,3112.70,0.02616458,1
1505691546,21686693,3112.90,0.01652087,1
1505691546,21686692,3112.90,0.01000000,1
1505691546,21686691,3113.51,0.02651587,1
1505691545,21686690,3113.52,0.01979519,1
1505691545,21686689,3113.74,0.04333849,1
1505691544,21686683,3113.74,0.02665604,1
1505691543,21686680,3113.74,0.03000000,1
1505691542,21686678,3113.74,0.00014347,0
1505691532,21686676,3114.05,0.03312430,1
1505691527,21686673,3114.05,0.00636680,1
1505691527,21686672,3114.18,0.02028659,1
1505691527,21686671,3114.18,0.00016509,0
1505691518,21686667,3115.60,0.01652113,1
1505691518,21686666,3115.60,0.01000000,1
1505691518,21686665,3115.78,0.00314173,1
1505691518,21686664,3115.78,0.02335434,1
1505691518,21686663,3116.00,0.02649015,1
1505691507,21686658,3118.02,0.08401839,0
1505691506,21686657,3118.02,0.00177771,1
1505691506,21686656,3118.04,0.00499966,1
1505691506,21686655,3118.68,0.09336140,0
1505691504,21686653,3116.61,0.00571195,0
1505691503,21686652,3116.61,0.01456724,1
1505691503,21686651,3116.61,0.00191167,1
1505691503,21686650,3116.61,0.01000000,1
1505691503,21686649,3116.90,0.02647882,1
1505691503,21686648,3116.91,0.02647527,1
1505691503,21686647,3116.96,0.02648389,1
1505691502,21686646,3117.00,0.00837116,1
1505691500,21686644,3117.00,1.09100034,1
1505691499,21686643,3118.05,0.03899966,1
1505691499,21686642,3117.00,0.00062850,1
1505691498,21686641,3118.03,0.02599966,1
1505691496,21686636,3117.04,0.03959966,1
1505691496,21686635,3117.15,0.00560757,1
1505691496,21686633,3117.15,0.00191449,1
1505691495,21686632,3117.15,0.01900000,1
1505691495,21686629,3117.20,0.00290616,1
1505691495,21686628,3117.20,0.00439243,1
1505691495,21686627,3117.20,0.01018507,1
1505691495,21686626,3117.20,0.00900006,1
1505691495,21686625,3117.83,0.02647865,1
1505691495,21686624,3118.00,0.12287620,1
1505691493,21686623,3118.00,0.02661962,1
1505691491,21686621,3118.00,0.85050418,1
1505691491,21686619,3118.01,0.30000000,1
1505691491,21686617,3118.69,0.02644845,1
1505691490,21686616,3118.76,0.01646540,1
1505691490,21686615,3118.76,0.01000000,1
1505691490,21686614,3118.83,0.02645629,1
1505691490,21686613,3119.42,0.17012568,1
1505691489,21686612,3119.21,0.00014213,0
1505691487,21686609,3119.42,0.78656851,0
1505691487,21686608,3119.42,0.02646565,1
1505691486,21686607,3119.57,0.02644550,1
1505691486,21686606,3119.65,0.00190717,1
1505691486,21686605,3119.65,0.02464339,1
1505691486,21686604,3119.84,0.02862601,1
1505691479,21686601,3125.00,0.10937416,0
1505691479,21686600,3121.50,0.00014904,0
1505691470,21686597,3121.50,0.05245272,0
1505691470,21686596,3120.17,0.00014904,0
1505691407,21686585,3120.00,0.02460256,0
1505691403,21686582,3120.00,0.00200000,1
1505691394,21686580,3120.33,0.00319517,1
1505691390,21686577,3120.53,0.02645629,1
1505691390,21686575,3120.56,0.10711704,1
1505691390,21686574,3120.65,0.02648372,1
1505691390,21686573,3121.12,0.15740142,1
1505691389,21686572,3121.29,0.01000000,1
1505691316,21686547,3121.50,0.02000000,0
1505691313,21686545,3121.50,0.02000000,0
1505691301,21686542,3121.51,0.01000000,1
1505691253,21686533,3124.99,0.01000000,0
1505691194,21686517,3125.00,0.00895335,0
1505691192,21686516,3125.00,0.02165618,0
1505691183,21686515,3125.00,0.00160000,0
1505691158,21686503,3125.00,0.10000000,0
1505691150,21686501,3125.00,0.10000000,0
1505691140,21686500,3125.00,0.10088000,0
1505691138,21686498,3125.00,0.02000000,0
1505691126,21686493,3125.00,0.17866164,1
1505691126,21686492,3125.50,0.01000000,1
1505691093,21686487,3125.00,0.00413516,0
1505691060,21686476,3125.00,0.01000000,0
1505691021,21686431,3125.00,0.05636683,0
1505691018,21686428,3125.00,0.24998500,0
1505690976,21686413,3125.00,0.25384432,0
1505690971,21686408,3125.00,0.07403765,0
1505690965,21686405,3125.00,0.26301005,0
1505690956,21686395,3125.00,0.20672000,0
1505690930,21686384,3125.00,0.00742459,0
1505690891,21686353,3125.00,0.07103540,0
1505690878,21686349,3126.67,0.01858520,0
1505690877,21686348,3126.67,0.01623410,0
1505690876,21686347,3126.67,0.04850010,0
1505690867,21686345,3126.67,0.02815430,0
1505690865,21686343,3126.67,0.07328758,0
1505690865,21686342,3126.66,0.00299966,0
1505690865,21686341,3121.89,0.00066286,0
1505690833,21686331,3121.89,0.02592359,1
1505690826,21686329,3126.67,0.07107101,0
1505690826,21686328,3126.65,0.00299966,0
1505690826,21686327,3121.89,0.02592933,0
1505690823,21686324,3121.89,0.01643724,1
1505690823,21686322,3121.89,0.01000000,1
1505690823,21686321,3122.00,0.73401590,1
1505690823,21686320,3122.06,0.21361753,1
1505690820,21686317,3126.68,0.01355791,0
1505690820,21686315,3126.67,0.08644209,0
1505690814,21686310,3126.67,0.10000000,0
1505690812,21686309,3126.67,0.02355791,0
1505690812,21686308,3123.06,0.01657649,0
1505690804,21686304,3123.06,0.01000000,1
1505690803,21686303,3131.50,0.03242050,1
1505690760,21686293,3132.54,0.02274812,0
1505690760,21686292,3132.54,0.00314173,0
1505690760,21686291,3132.52,0.00399966,0
1505690760,21686290,3123.17,0.00000596,0
1505690740,21686284,3123.17,0.01656960,0
1505690737,21686282,3123.17,0.01000000,1
1505690736,21686281,3132.54,0.02335434,1
1505690735,21686280,3132.54,0.00799966,1
1505690734,21686279,3132.54,0.19864100,0
1505690734,21686278,3132.54,0.03135900,0
1505690725,21686266,3132.55,0.07172468,0
1505690725,21686265,3132.53,0.02699966,0
1505690725,21686264,3132.29,0.01999966,0
1505690715,21686259,3123.97,0.02656875,1
1505690714,21686258,3132.31,0.04100000,1
1505690516,21686099,3136.98,0.84354475,1
1505690516,21686098,3136.97,0.25000000,0
1505690516,21686097,3136.96,0.15645525,0
1505690501,21686091,3136.98,0.02782500,0
1505690429,21686050,3137.03,0.01000000,0
1505690272,21685983,3122.00,0.00256306,1
1505690247,21685961,3122.01,0.23582880,1
1505690247,21685958,3122.01,0.02500000,1
1505690247,21685957,3122.01,0.02659000,1
1505690239,21685950,3122.01,0.00008490,0
1505690238,21685947,3122.01,0.02650053,0
1505690235,21685943,3137.24,0.04124763,0
1505690234,21685938,3137.25,0.07125433,1
1505690234,21685937,3137.25,0.02645629,1
1505690232,21685934,3137.26,0.01337200,0
1505690232,21685933,3137.25,0.16891200,0
1505690230,21685930,3137.25,0.11108800,0
1505690229,21685925,3122.01,0.00274181,1
1505690229,21685924,3122.01,0.09725819,1
1505690171,21685865,3132.32,0.01000000,0
1505690112,21685855,3137.31,0.05627592,0
1505690112,21685854,3133.71,0.01899924,0
1505690071,21685842,3133.71,0.00748795,0
1505690071,21685841,3133.70,0.01652113,0
1505690015,21685835,3124.19,0.02658484,1
1505689994,21685830,3133.70,0.01000000,0
1505689913,21685766,3122.00,0.02658552,1
1505689911,21685765,3133.59,2.10871068,1
1505689909,21685763,3133.58,0.31000000,0
1505689909,21685762,3133.54,1.02258753,0
1505689909,21685761,3133.54,0.02781930,0
1505689909,21685760,3133.51,0.72381993,0
1505689878,21685753,3122.00,0.02658552,1
1505689871,21685752,3122.00,0.19409167,1
1505689871,21685751,3122.04,0.02644347,1
1505689871,21685750,3122.06,0.28129644,1
1505689869,21685749,3123.24,0.01000000,1
1505689811,21685726,3134.00,0.00908397,0
1505689811,21685725,3124.00,0.00144293,0
1505689810,21685724,3124.00,0.34292490,0
1505689796,21685703,3124.00,0.06989683,0
1505689795,21685701,3124.00,0.05561310,0
1505689793,21685698,3128.85,0.03012224,1
1505689778,21685676,3124.44,0.02656476,1
1505689777,21685659,3124.44,0.02656476,1
1505689775,21685651,3131.06,0.02636594,1
1505689775,21685650,3131.20,0.02636586,1
1505689775,21685649,3131.26,0.02445583,1
1505689775,21685648,3131.26,0.00200974,1
1505689770,21685641,3134.57,0.12137490,1
1505689719,21685584,3134.57,0.06571490,1
1505689686,21685562,3134.57,0.07000000,1
1505689675,21685525,3139.75,0.03779330,0
1505689671,21685519,3139.76,0.06038408,0
1505689668,21685516,3144.54,0.07042047,0
1505689617,21685467,3134.57,0.04731265,1
1505689441,21685372,3149.59,0.05069465,0
1505689346,21685358,3134.58,0.15000000,1
1505689325,21685356,3150.28,0.01488034,0
1505689305,21685353,3134.63,0.02647865,1
1505689284,21685352,3150.37,0.01000000,0
1505689238,21685344,3150.41,0.00317414,0
1505689184,21685332,3150.55,0.09710730,0
1505689044,21685318,3148.00,0.01664150,0
1505689036,21685317,3134.58,0.02647882,1
1505689034,21685316,3148.09,0.34922127,0
1505689033,21685315,3148.02,0.02445583,0
1505689033,21685314,3148.01,0.02636586,0
1505689033,21685313,3148.01,0.02636594,1
1505689031,21685312,3148.00,0.01973100,0
1505688925,21685282,3136.17,0.01646540,0
1505688908,21685277,3136.17,0.01000000,1
1505688907,21685276,3148.02,0.00200974,0
1505688906,21685275,3148.01,0.02714200,0
1505688860,21685268,3148.01,0.01000000,0
1505688745,21685245,3146.55,0.00890399,0
1505688687,21685230,3147.18,0.09187207,0
1505688686,21685229,3137.39,0.02648372,0
1505688686,21685228,3134.00,0.00290616,0
1505688676,21685225,3134.00,0.00439243,0
1505688676,21685224,3133.99,0.00560757,0
1505688645,21685218,3133.99,0.00191449,0
1505688643,21685215,3133.99,0.01900000,0
1505688585,21685164,3128.43,0.00003034,0
1505688582,21685163,3128.43,0.01920000,0
1505688562,21685160,3128.43,0.02000000,0
1505688560,21685158,3128.11,1.25427466,0
1505688536,21685150,3128.11,0.02465200,0
1505688527,21685146,3128.11,0.05597920,0
1505688514,21685145,3134.00,0.01018507,0
1505688482,21685142,3122.77,0.00000068,0
1505688479,21685141,3122.77,0.00172000,0
1505688478,21685140,3122.77,0.02485828,1
1505688477,21685139,3122.77,0.00014172,0
1505688473,21685138,3134.00,0.00900006,1
1505688470,21685136,3129.45,0.00014514,0
1505688469,21685135,3127.89,0.00014361,0
1505688469,21685134,3127.10,0.00014746,0
1505688469,21685133,3123.05,0.00003383,0
1505688469,21685132,3122.93,0.00010233,0
1505688449,21685129,3137.75,0.07642000,1
1505688425,21685127,3138.12,0.14621811,0
1505688415,21685123,3137.75,0.01268000,1
1505688415,21685122,3137.90,0.01000000,1
1505688405,21685112,3138.13,0.02004900,0
1505688404,21685110,3138.13,0.03876614,0
1505688404,21685109,3138.12,0.02645207,0
1505688403,21685108,3138.09,0.03060560,0
1505688263,21685021,3129.79,0.21359900,1
1505688243,21685019,3138.13,0.03890076,0
1505688220,21685008,3138.13,0.84044059,0
1505688203,21684970,3143.95,0.01493605,0
1505688187,21684961,3133.66,0.00169522,0
1505688176,21684944,3133.66,0.00191469,0
1505688172,21684934,3129.54,0.02652146,1
1505688169,21684929,3133.66,0.00298934,1
1505688169,21684928,3133.66,0.02340075,1
1505688160,21684906,3144.47,0.15447420,1
1505688158,21684901,3133.98,0.00144352,0
1505688157,21684900,3133.98,0.00175648,1
1505688143,21684890,3144.54,0.04025000,0
1505688069,21684842,3133.98,0.01000000,1
1505688058,21684829,3134.01,0.30000000,1
1505688012,21684812,3133.98,0.02648389,1
1505688012,21684811,3133.98,0.34468928,1
1505688011,21684810,3134.00,0.01366968,1
1505688011,21684809,3134.00,0.00164104,1
1505688001,21684801,3148.99,0.01534928,0
1505687990,21684799,3149.00,0.01000000,0
1505687986,21684798,3149.08,0.12066923,0
1505687985,21684797,3138.61,0.00004429,0
1505687970,21684791,3138.61,0.01580000,0
1505687963,21684778,3134.00,0.01116455,1
1505687963,21684777,3134.01,0.02633786,1
1505687963,21684776,3134.57,0.01177009,1
1505687932,21684753,3134.57,0.00191167,0
1505687927,21684750,3134.57,0.01000000,1
1505687926,21684748,3138.61,0.01625571,1
1505687925,21684747,3150.26,0.27873687,0
1505687921,21684724,3138.61,0.01000000,1
1505687894,21684707,3138.62,0.02000000,1
1505687885,21684693,3138.62,0.00108839,0
1505687881,21684692,3138.62,0.01891161,1
1505687869,21684681,3138.62,0.00361439,1
1505687862,21684674,3150.92,0.01000000,0
1505687855,21684673,3138.79,0.03000000,1
1505687738,21684628,3151.11,0.10806430,0
1505687738,21684627,3150.62,0.01257130,0
1505687732,21684615,3151.11,0.02617609,0
1505687732,21684614,3151.11,0.00736405,0
1505687732,21684613,3150.63,0.01881204,0
1505687727,21684599,3140.22,0.02000000,0
1505687727,21684596,3139.44,0.05338626,0
1505687726,21684591,3139.44,0.04600080,0
1505687726,21684589,3139.44,0.24447545,0
1505687724,21684583,3139.44,0.01990000,0
1505687724,21684582,3139.44,0.10000000,0
1505687721,21684569,3151.11,0.01675763,0
1505687721,21684567,3145.05,0.01000000,0
1505687699,21684541,3143.81,0.01000000,1
1505687699,21684540,3143.82,0.02623749,1
1505687692,21684527,3150.99,0.02609700,0
1505687683,21684513,3144.73,0.02508785,1
1505687683,21684512,3151.02,0.04491215,1
1505687679,21684506,3151.01,0.02428153,0
1505687669,21684496,3144.06,0.01000000,1
1505687666,21684492,3151.02,0.19969691,0
1505687479,21684447,3144.78,0.02639470,0
1505687473,21684442,3144.00,0.61110000,0
1505687469,21684441,3144.00,0.50000000,0
1505687408,21684396,3135.71,0.06522999,1
1505687408,21684394,3135.71,0.02600001,1
1505687338,21684365,3153.28,0.02827677,0
1505687338,21684364,3153.28,0.09692738,0
1505687328,21684349,3140.72,0.02646565,1
1505687328,21684348,3153.26,0.02618149,0
1505687326,21684344,3136.14,0.18112308,0
1505687326,21684343,3136.46,0.01000000,1
1505687326,21684342,3137.20,0.03000000,1
1505687325,21684341,3137.91,0.02630853,1
1505687325,21684340,3137.91,0.02628628,0
1505687323,21684339,3140.72,0.02628211,1
1505687303,21684337,3153.30,0.01000000,0
1505687189,21684324,3154.62,0.02616863,0
1505687188,21684321,3138.57,0.00915288,1
1505687188,21684319,3140.71,0.01082246,1
1505687187,21684318,3141.03,0.03002466,1
1505687165,21684309,3141.03,0.00226960,1
1505687165,21684307,3141.03,0.00256306,1
1505687124,21684270,3153.00,0.01525000,0
1505687046,21684244,3154.87,0.03034429,0
1505686996,21684183,3155.00,0.02616390,0
1505686995,21684180,3141.00,0.07653533,1
1505686994,21684179,3141.00,0.15300000,0
1505686994,21684178,3141.01,0.02628316,0
1505686994,21684177,3141.01,0.23000000,0
1505686992,21684174,3141.03,0.11249752,1
1505686984,21684155,3155.00,0.02229522,0
1505686883,21683817,3159.09,0.01025000,0
1505686870,21683737,3159.10,0.04674714,0
1505686844,21683635,3153.00,0.03064349,0
1505686781,21683380,3153.00,0.00636832,0
1505686781,21683379,3152.99,0.01273168,0
1505686780,21683374,3139.50,0.03381806,1
1505686780,21683373,3139.51,0.13918194,1
1505686778,21683368,3139.51,0.01643724,0
1505686778,21683365,3139.51,0.01000000,1
1505686776,21683361,3139.51,0.02643724,1
1505686775,21683355,3139.50,0.19184881,1
1505686774,21683353,3142.23,0.02000000,1
1505686774,21683351,3142.78,0.08600000,1
1505686774,21683348,3145.30,0.01000000,1
1505686774,21683347,3145.49,0.02638606,1
1505686774,21683346,3146.09,0.02634251,1
1505686774,21683345,3146.10,0.08700000,1
1505686774,21683344,3146.22,0.02623871,1
1505686774,21683343,3146.23,0.02618391,1
1505686756,21683294,3153.00,0.10000000,0
1505686707,21683106,3159.95,0.01030000,0
1505686706,21683102,3159.92,0.01000000,0
1505686635,21682897,3162.42,0.02610539,0
1505686633,21682891,3146.21,0.26742365,1
1505686631,21682888,3146.32,0.01000000,1
1505686595,21682842,3163.12,0.02609752,0
1505686593,21682838,3146.68,0.06000000,0
1505686593,21682837,3146.68,0.00021251,1
1505686592,21682835,3153.34,0.01000000,1
1505686583,21682827,3163.09,0.01781214,0
1505686543,21682762,3163.22,0.02857829,0
1505686543,21682761,3163.01,0.00575374,0
1505686543,21682760,3162.90,0.02638606,0
1505686543,21682758,3162.89,0.02634251,0
1505686523,21682727,3150.80,0.12900000,1
1505686505,21682676,3150.80,0.08435375,1
1505686496,21682656,3150.73,0.97703557,1
1505686490,21682629,3150.73,0.05516060,1
1505686410,21682479,3145.51,0.02641323,1
1505686408,21682471,3162.91,0.02608959,0
1505686405,21682464,3162.91,0.02610108,0
1505686403,21682459,3162.91,0.00357772,0
1505686403,21682458,3155.85,0.02629628,0
1505686371,21682379,3145.11,0.07418783,1
1505686365,21682363,3154.99,0.60888004,0
1505686365,21682361,3154.98,0.02630853,0
1505686354,21682335,3154.97,0.01904463,0
1505686354,21682334,3154.97,0.07445707,0
1505686350,21682323,3145.00,0.02000000,1
1505686324,21682211,3144.91,0.02639185,1
1505686322,21682206,3154.87,0.37571574,1
1505686321,21682201,3154.86,0.02625306,0
1505686320,21682200,3154.56,0.09803120,0
1505686296,21682148,3150.54,0.06200462,1
1505686296,21682143,3151.62,0.00264864,1
1505686295,21682139,3151.62,0.00735136,0
1505686274,21682038,3151.62,0.00898032,0
1505686272,21682032,3151.07,0.01366968,0
1505686265,21682000,3144.86,0.11805200,1
1505686243,21681912,3151.07,0.01280559,0
1505686243,21681911,3151.06,0.00298934,0
1505686204,21681821,3151.06,0.02340075,0
1505686204,21681820,3151.05,0.00646431,0
1505686197,21681800,3151.05,0.02619906,0
1505686177,21681767,3140.66,0.00002100,0
1505686175,21681759,3145.12,0.03000000,1
1505686144,21681695,3139.16,0.03993499,1
1505686144,21681694,3139.17,0.04840127,1
1505685964,21681502,3133.98,0.15994252,1
1505685900,21681350,3146.19,0.00158285,0
1505685884,21681311,3146.54,0.21217063,0
1505685884,21681309,3145.00,0.00191875,0
1505685884,21681308,3144.42,0.06532673,0
1505685863,21681275,3144.51,0.11768765,0
1505685786,21681120,3145.25,0.00880245,0
1505685744,21681036,3127.90,0.43621740,1
1505685744,21681035,3128.72,0.01899730,1
1505685686,21680956,3146.98,0.20885849,0
1505685686,21680955,3140.00,0.00500000,0
1505685686,21680954,3140.00,0.01892301,0
1505685681,21680947,3128.70,0.02652859,1
1505685680,21680945,3128.70,0.00030497,1
1505685680,21680944,3135.00,0.10045946,1
1505685664,21680902,3140.00,0.02023892,0
1505685664,21680901,3139.99,0.01725608,0
1505685635,21680822,3135.00,0.06314464,1
1505685617,21680775,3135.00,0.01179104,1
1505685614,21680761,3135.00,0.03937600,1
1505685609,21680742,3135.00,0.33699204,1
1505685606,21680730,3135.00,0.14823682,1
1505685606,21680729,3135.03,0.02355631,1
1505685605,21680728,3135.03,0.08398978,1
1505685604,21680720,3139.99,0.00921919,0
1505685404,21680321,3139.69,0.01794365,0
1505685283,21680129,3140.00,0.05892553,0
1505685283,21680128,3139.73,0.02654275,0
1505685283,21680127,3139.72,0.27000000,0
1505685155,21679906,3122.06,0.03803757,1
1505685155,21679905,3127.03,0.00191875,1
1505685144,21679868,3139.75,0.23709054,0
1505685144,21679866,3127.03,0.01315946,0
1505685144,21679865,3122.51,0.02652130,1
1505685144,21679864,3122.61,0.03800739,1
1505685134,21679830,3127.02,0.22586532,1
1505685134,21679828,3127.03,0.17500000,1
1505685133,21679822,3127.03,0.17000000,0
1505685131,21679813,3127.02,0.16666400,1
1505685131,21679812,3127.03,0.17000000,1
1505685065,21679612,3140.00,0.03494798,0
1505685024,21679538,3144.05,0.01476783,0
1505684964,21679420,3122.99,0.13909227,1
1505684946,21679367,3144.38,0.01457007,0
1505684903,21679323,3144.60,0.00876958,0
1505684863,21679310,3144.77,0.04745131,0
1505684844,21679303,3149.50,0.11981072,0
1505684825,21679302,3149.53,0.00922066,0
1505684823,21679301,3129.01,0.03296664,1
1505684774,21679280,3129.00,0.05279756,1
1505684705,21679228,3140.20,0.01410454,0
1505684705,21679227,3135.96,0.00014546,0
1505684703,21679225,3122.93,0.28662788,1
1505684703,21679224,3122.97,0.19000000,1
1505684703,21679223,3122.98,0.11737860,1
1505684703,21679222,3123.05,0.87526964,1
1505684689,21679212,3133.75,0.01000000,0
1505684687,21679211,3133.75,0.02629118,0
1505684677,21679185,3133.75,0.02468000,0
1505684676,21679183,3133.75,0.02735240,0
1505684664,21679181,3133.76,0.03656197,0
1505684662,21679179,3133.77,0.02547510,0
1505684657,21679175,3133.81,0.08259115,0
1505684657,21679174,3129.33,0.00000110,0
1505684657,21679173,3129.32,0.00006494,0
1505684657,21679172,3123.57,0.00109150,0
1505684646,21679166,3123.57,0.02548065,1
1505684639,21679159,3129.33,0.00777000,0
1505684633,21679153,3134.07,0.02548065,1
1505684616,21679136,3134.10,0.10000000,1
1505684600,21679127,3135.00,0.95056030,1
1505684597,21679125,3135.00,0.02647527,1
1505684588,21679121,3136.86,0.02625306,1
1505684587,21679120,3137.45,0.02631328,1
1505684587,21679119,3137.56,0.02629628,1
1505684587,21679118,3138.05,0.00188334,1
1505684587,21679117,3138.36,0.33259205,1
1505684584,21679114,3139.00,1.00000000,1
1505684468,21678958,3138.77,0.02644347,1
1505684466,21678957,3154.31,0.10081347,0
1505684466,21678956,3154.31,0.02631328,1
1505684464,21678955,3154.30,0.01833776,0
1505684363,21678920,3154.04,0.02982513,0
1505684323,21678901,3138.55,0.10166652,1
1505684285,21678875,3153.25,0.00550000,0
1505684264,21678866,3153.31,0.19688525,0
1505684264,21678865,3153.31,0.02632171,0
1505684264,21678864,3153.30,0.19000000,0
1505684264,21678863,3153.29,0.32500000,0
1505684263,21678862,3153.28,0.03667553,0
1505684249,21678858,3138.53,0.02644550,1
1505684247,21678853,3153.29,0.00790963,1
1505684245,21678852,3153.29,0.30842664,0
1505684108,21678806,3138.23,0.02644845,1
1505684106,21678805,3154.34,0.00117278,1
1505684103,21678804,3154.39,0.02616739,1
1505684101,21678803,3154.34,0.02500000,1
1505684097,21678802,3138.05,0.00189552,0
1505684068,21678789,3137.11,0.06137342,1
1505684068,21678788,3137.22,0.00862658,1
1505684067,21678784,3137.25,0.02645629,1
1505684065,21678780,3154.51,0.52900000,0
1505684063,21678774,3154.54,0.01754297,1
1505684047,21678748,3155.00,0.02908716,1
1505684027,21678698,3136.56,0.05000000,1
1505683992,21678668,3154.24,0.06252668,0
1505683974,21678659,3135.64,0.07000000,1
1505683917,21678588,3154.87,0.02616027,0
1505683906,21678586,3154.90,0.06119815,0
1505683905,21678585,3154.90,0.04684277,0
1505683903,21678584,3154.91,0.11994053,0
1505683884,21678569,3151.05,0.12392373,0
1505683865,21678563,3151.18,0.00425574,0
1505683865,21678562,3146.09,0.01875214,0
1505683865,21678561,3146.08,0.00756489,0
1505683853,21678539,3134.99,0.02446000,1
1505683800,21678500,3146.08,0.01000000,0
1505683783,21678496,3146.08,0.00889350,0
1505683665,21678425,3146.07,0.00878538,0
1505683532,21678310,3146.08,0.00535753,0
1505683499,21678299,3129.33,0.00000386,0
1505683499,21678298,3129.33,0.01881000,0
1505683497,21678296,3146.09,0.00190717,0
1505683496,21678295,3146.09,0.00580221,1
1505683494,21678292,3136.63,0.00190717,0
1505683448,21678282,3136.63,0.02464339,0
1505683441,21678276,3126.02,0.02655141,1
1505683434,21678275,3139.80,0.02881748,0
1505683434,21678274,3122.61,2.42669742,0
1505683433,21678273,3122.61,0.77000000,0
1505683433,21678272,3122.61,0.34337800,0
1505683433,21678271,3122.78,0.02643320,1
1505683433,21678270,3123.23,0.01785850,1
1505683432,21678269,3123.23,0.00857462,1
1505683432,21678268,3123.23,0.04000000,0
1505683432,21678267,3124.29,0.02641991,1
1505683432,21678266,3124.86,0.02641881,1
1505683431,21678265,3124.92,0.02641907,1
1505683431,21678264,3125.04,0.02643312,1
1505683431,21678263,3125.04,0.21000000,0
1505683430,21678262,3125.18,0.02644230,1
1505683430,21678261,3125.42,0.01260846,1
1505683430,21678260,3125.42,0.58360400,0
1505683430,21678259,3131.00,1.00000000,1
1505683429,21678258,3131.01,0.04000000,1
1505683429,21678257,3132.00,1.00610153,1
1505683429,21678256,3133.21,1.00000000,1
1505683428,21678255,3133.21,0.58360400,0
1505683428,21678254,3137.44,0.21000000,1
1505683428,21678253,3137.60,0.25416968,1
1505683427,21678252,3137.64,0.52383738,0
1505683426,21678251,3137.64,0.69100000,1
1505683400,21678246,3154.16,0.03162490,0
1505683393,21678244,3154.17,0.06025000,1
1505683264,21678204,3156.37,0.04593834,0
1505683237,21678202,3134.54,0.02647916,1
1505683228,21678199,3141.57,0.02641991,1
1505683220,21678193,3141.54,0.09480576,1
1505683219,21678191,3134.41,0.09540388,0
1505683219,21678190,3140.29,0.02629286,1
1505683218,21678189,3141.28,0.02639537,1
1505683218,21678188,3141.53,0.02579168,1
1505683218,21678187,3141.53,0.00048694,1
1505683216,21678185,3141.54,0.25000000,1
1505683209,21678172,3141.67,0.02641907,1
1505683208,21678165,3157.32,0.03054934,1
1505683208,21678160,3157.31,0.02629286,1
1505683207,21678156,3156.75,0.08850242,1
1505683206,21678151,3158.59,0.09425211,0
1505683205,21678150,3158.46,0.02579168,0
1505683205,21678148,3157.00,0.06727680,0
1505683205,21678147,3156.75,0.08925986,0
1505683204,21678145,3156.76,0.02083047,0
1505683162,21678097,3141.71,0.06524653,1
1505683103,21678087,3157.92,0.05025000,0
1505683080,21678069,3142.20,0.05210793,1
1505683024,21678018,3158.17,0.00890100,0
1505683022,21678014,3142.03,0.14183692,1
1505682977,21677991,3141.71,0.02641881,1
1505682976,21677990,3158.46,0.00048694,1
1505682975,21677989,3158.46,0.00742229,1
1505682975,21677988,3158.47,0.00048771,1
1505682975,21677987,3158.47,0.00948424,1
1505682974,21677984,3158.47,0.14793678,0
1505682974,21677983,3158.46,0.15000000,0
1505682966,21677969,3158.47,0.29371183,0
1505682935,21677954,3158.55,0.09957925,0
1505682925,21677950,3158.56,0.21502426,0
1505682881,21677914,3158.25,0.00358887,0
1505682881,21677913,3158.24,0.02639537,0
1505682878,21677912,3144.70,0.01345174,1
1505682864,21677891,3144.49,0.00650000,1
1505682839,21677846,3158.46,0.00638000,0
1505682837,21677832,3158.40,0.12920300,0
1505682812,21677804,3131.30,0.06000000,1
1505682798,21677782,3131.10,0.07000000,1
1505682793,21677772,3158.90,0.02521058,0
1505682765,21677763,3159.45,0.41369776,0
1505682765,21677762,3142.23,0.01260846,0
1505682765,21677761,3142.22,0.02643312,0
1505682765,21677760,3142.20,0.02644230,0
1505682765,21677759,3142.19,0.13903625,0
1505682763,21677758,3142.19,0.02095414,0
1505682721,21677729,3129.91,0.02651833,1
1505682719,21677728,3142.19,0.08500000,0
1505682719,21677727,3140.15,0.01500000,0
1505682718,21677726,3140.15,0.01000000,1
1505682677,21677685,3142.21,0.10000000,0
1505682641,21677666,3142.18,0.00452935,0
1505682641,21677665,3142.18,0.01860361,0
1505682629,21677662,3142.21,0.01000000,0
1505682597,21677631,3129.61,0.01652087,1
1505682597,21677630,3131.20,0.01000000,1
1505682595,21677627,3139.99,0.02643320,1
1505682593,21677624,3131.25,0.01350505,0
1505682591,21677619,3130.59,0.01651257,0
1505682588,21677618,3130.59,0.01000000,1
1505682587,21677616,3140.00,0.02766933,1
1505682586,21677614,3140.00,0.01785850,0
1505682583,21677609,3140.00,0.00857462,0
1505682583,21677608,3139.54,0.02652130,0
1505682583,21677607,3139.45,0.02701010,0
1505682563,21677577,3139.48,0.02456434,0
1505682527,21677527,3125.98,0.02658679,1
1505682526,21677523,3121.85,0.08295642,1
1505682525,21677519,3125.42,0.01380590,1
1505682525,21677517,3125.61,0.01641242,1
1505682525,21677516,3125.61,0.01000000,1
1505682525,21677514,3125.79,0.02640058,1
1505682524,21677511,3127.95,0.03000000,1
1505682524,21677507,3128.20,0.02637390,1
1505682524,21677505,3128.25,0.00136993,1
1505682523,21677504,3128.25,0.02500000,1
1505682523,21677503,3128.25,0.00002099,1
1505682523,21677500,3129.97,0.00009675,1
1505682523,21677499,3129.97,0.02626249,1
1505682522,21677498,3130.00,0.10655591,1
1505682522,21677496,3131.00,0.83416559,1
1505682522,21677495,3131.11,0.01000000,1
1505682521,21677494,3131.38,0.41837022,0
1505682520,21677493,3131.38,0.07220890,1
1505682505,21677465,3131.38,0.02779110,1
1505682481,21677444,3131.00,0.16293455,1
1505682477,21677440,3130.00,0.05782530,0
1505682476,21677439,3130.19,0.01000000,1
1505682476,21677437,3130.20,0.14706584,1
1505682476,21677436,3130.34,0.03693570,1
1505682474,21677433,3130.37,0.34817316,1
1505682468,21677412,3139.66,0.05025000,0
1505682445,21677401,3139.72,0.04199679,0
1505682445,21677400,3139.71,0.00640397,0
1505682443,21677399,3139.71,0.02102944,0
1505682427,21677391,3130.23,0.02651587,1
1505682419,21677390,3131.59,0.37949346,1
1505682419,21677389,3131.60,0.29094736,1
1505682419,21677388,3133.27,0.01000000,1
1505682412,21677382,3130.01,0.07036140,1
1505682412,21677381,3130.01,0.18897960,1
1505682412,21677380,3131.07,0.01000000,1
1505682412,21677379,3131.58,0.02634887,1
1505682412,21677378,3132.34,0.02635071,1
1505682412,21677377,3133.18,0.02634887,1
1505682411,21677376,3133.24,0.01388155,1
1505682411,21677375,3133.24,0.01246740,1
1505682410,21677374,3133.27,0.30437700,1
1505682387,21677360,3133.27,0.01000000,0
1505682383,21677356,3133.32,0.16240271,1
1505682364,21677310,3133.28,0.44989167,1
1505682364,21677309,3133.32,0.01000000,1
1505682358,21677307,3133.35,0.13194436,1
1505682329,21677282,3133.35,0.02649015,1
1505682284,21677245,3139.99,0.02976948,0
1505682277,21677236,3134.66,0.48732481,1
1505682268,21677233,3134.67,0.10737378,1
1505682267,21677231,3135.00,0.00200000,1
1505682257,21677205,3135.20,0.00000203,1
1505682256,21677195,3135.20,0.15699797,1
1505682247,21677148,3140.00,0.00200000,1
1505682247,21677146,3140.00,0.10028687,1
1505682241,21677137,3144.00,0.00000020,0
1505682240,21677136,3144.00,1.19655852,1
1505682236,21677116,3142.23,0.01246740,1
1505682236,21677115,3142.46,0.00858758,1
1505682225,21677069,3142.46,0.01641242,0
1505682222,21677055,3142.46,0.01000000,1
1505682218,21677019,3142.29,0.18144611,0
1505682218,21677009,3142.34,1.48472912,1
1505682218,21677007,3143.34,0.00013567,1
1505682218,21677004,3143.34,0.01131448,1
1505682217,21677001,3143.34,0.01480462,1
1505682194,21676970,3160.99,0.07263246,0
1505682194,21676969,3153.30,0.05486682,1
1505682193,21676967,3145.02,0.02640058,1
1505682192,21676965,3145.02,0.00136993,0
1505682190,21676960,3145.02,0.02500000,0
1505682184,21676952,3145.02,0.02622664,1
1505682183,21676949,3145.49,0.02624157,1
1505682158,21676905,3147.05,0.02637390,1
1505682154,21676904,3147.05,0.10344656,1
1505682154,21676903,3147.05,0.05691770,1
1505682149,21676901,3147.05,0.07891861,1
1505682148,21676900,3148.80,0.02635924,1
1505682147,21676894,3148.80,0.00009675,0
1505682144,21676883,3163.01,11.23613825,1
1505682143,21676880,3163.01,0.04636370,1
1505682142,21676878,3163.01,0.24988580,1
1505682142,21676877,3162.32,0.09570861,0
1505682142,21676875,3162.11,0.87251000,0
1505682142,21676874,3162.10,0.10973364,0
1505682006,21676687,3162.21,0.00036268,0
1505682006,21676686,3162.21,0.02865500,0
1505681965,21676664,3162.26,0.00900580,0
1505681922,21676647,3149.88,0.31098045,0
1505681917,21676644,3149.82,0.02635071,1
1505681915,21676643,3150.00,0.00200000,1
1505681914,21676642,3150.00,0.02077871,1
1505681914,21676641,3151.00,0.11840000,1
1505681914,21676640,3151.83,0.02618560,1
1505681914,21676639,3153.86,0.02619180,1
1505681914,21676638,3155.00,0.00200000,1
1505681914,21676637,3155.18,0.00013955,1
1505681914,21676636,3155.18,0.02602616,1
1505681914,21676635,3157.00,0.00019221,1
1505681848,21676608,3157.38,0.01026890,0
1505681834,21676599,3157.40,0.07273230,0
1505681832,21676597,3157.40,0.02510030,0
1505681832,21676596,3157.40,0.07441627,0
1505681824,21676590,3157.41,0.02479340,0
1505681805,21676560,3158.18,0.02394734,1
1505681804,21676554,3162.32,0.09029130,0
1505681802,21676552,3157.42,0.04541384,0
1505681795,21676529,3157.00,0.49980779,1
1505681795,21676528,3157.38,0.02614173,1
1505681792,21676516,3157.42,0.00001818,1
1505681791,21676510,3162.36,0.00008678,0
1505681791,21676509,3162.33,0.12423322,0
1505681789,21676501,3157.42,0.01663589,1
1505681789,21676500,3157.93,0.01000000,1
1505681789,21676498,3157.94,0.01879613,1
1505681784,21676487,3157.43,0.10835698,1
1505681763,21676447,3157.42,0.00334593,1
1505681758,21676430,3162.43,0.15731574,0
1505681730,21676414,3168.44,0.10000000,0
1505681727,21676408,3162.47,0.07628591,1
1505681725,21676404,3162.48,0.10000000,0
1505681722,21676400,3162.49,0.10000000,0
1505681716,21676395,3162.49,0.02245375,0
1505681712,21676386,3162.47,0.15436385,0
1505681705,21676366,3168.49,0.06400237,0
1505681705,21676365,3162.19,0.02624763,0
1505681703,21676360,3161.33,0.00013567,0
1505681699,21676351,3167.67,0.00014340,1
1505681699,21676350,3167.67,0.02591780,1
1505681699,21676348,3167.77,0.02606120,1
1505681694,21676340,3170.00,0.02000000,1
1505681694,21676339,3170.00,1.00000000,1
1505681694,21676338,3170.00,0.46764797,1
1505681689,21676335,3175.00,0.00003235,1
1505681687,21676333,3176.27,0.01000000,0
1505681683,21676332,3175.00,0.08086501,1
1505681681,21676329,3176.27,0.08638749,0
1505681677,21676324,3175.00,0.23534088,1
1505681673,21676318,3176.25,0.41000000,0
1505681672,21676317,3176.28,1.25619278,0
1505681664,21676314,3175.00,0.02557000,1
1505681663,21676295,3175.00,0.29075650,1
1505681663,21676294,3175.74,0.01000000,1
1505681651,21676280,3182.30,0.01000000,0
1505681627,21676255,3175.00,0.02355285,1
1505681625,21676253,3175.00,0.00707605,1
1505681524,21676221,3183.94,0.04411731,0
1505681501,21676211,3175.00,0.08026533,1
1505681501,21676210,3175.01,0.41973467,1
1505681484,21676208,3175.01,0.00061615,1
1505681484,21676207,3175.01,0.01506833,1
1505681483,21676205,3175.01,0.01027714,1
1505681470,21676191,3175.01,0.01769000,1
1505681466,21676187,3184.53,0.14408719,0
1505681464,21676183,3184.63,0.20830395,0
1505681464,21676182,3184.60,0.00580078,0
1505681464,21676181,3184.56,0.68614527,0
1505681462,21676177,3184.60,0.31360296,0
1505681438,21676155,3185.04,0.06796956,0
1505681426,21676146,3183.00,0.11300000,0
1505681407,21676140,3183.00,0.02000000,0
1505681401,21676136,3185.07,0.01471871,0
1505681394,21676135,3175.01,0.07948784,1
1505681333,21676111,3175.00,0.12252331,1
1505681331,21676109,3175.01,0.06000000,1
1505681325,21676107,3184.96,0.00794335,0
1505681325,21676106,3184.50,0.00104347,0
1505681300,21676103,3175.03,0.05480847,0
1505681293,21676100,3175.03,0.01000000,0
1505681280,21676096,3175.03,0.01000000,0
1505681276,21676095,3175.03,0.45455153,1
1505681230,21676090,3183.87,0.01412016,0
1505681163,21676074,3184.11,0.44538813,0
1505681153,21676072,3175.00,0.99822000,1
1505681123,21676065,3175.00,0.56600968,1
1505681098,21676053,3175.03,0.14386800,1
1505681091,21676048,3175.02,0.01607300,1
1505681071,21676038,3184.50,0.02487910,0
1505681013,21676019,3171.87,0.11254366,1
1505681013,21676018,3171.87,0.51984476,1
1505680871,21675932,3181.98,0.04646585,0
1505680859,21675921,3181.98,0.00577442,0
1505680859,21675920,3181.97,0.02518112,0
1505680843,21675906,3178.97,0.04308629,1
1505680841,21675902,3178.97,0.00577442,1
1505680839,21675896,3178.97,0.16966819,1
1505680838,21675892,3178.97,0.06979000,1
1505680811,21675884,3170.00,0.01603542,1
1505680757,21675877,3170.00,0.25042084,1
1505680754,21675874,3184.49,0.09437759,0
1505680754,21675873,3182.00,0.89895599,0
1505680752,21675871,3181.98,0.01069642,0
1505680748,21675870,3170.00,0.51159506,1
1505680747,21675869,3170.00,0.58202997,1
1505680747,21675868,3170.01,0.02500000,1
1505680746,21675867,3181.99,0.07209953,0
1505680742,21675858,3170.01,0.22500000,0
1505680738,21675855,3170.00,0.65697001,1
1505680738,21675854,3170.01,0.24000000,1
1505680738,21675852,3170.01,0.23569876,1
1505680736,21675846,3170.00,0.73236860,1
1505680736,21675844,3170.01,0.00344940,1
1505680733,21675836,3170.01,2.92655060,0
1505680727,21675835,3170.01,0.01244940,0
1505680727,21675833,3170.01,0.29000000,0
1505680726,21675832,3170.01,0.27000000,1
1505680712,21675829,3170.01,0.01252319,1
1505680712,21675828,3170.81,0.01000000,1
1505680710,21675827,3178.03,0.18127173,0
1505680703,21675823,3178.03,0.01200000,0
1505680703,21675822,3178.03,0.12197737,0
1505680696,21675813,3178.03,0.13000000,0
1505680688,21675810,3178.03,0.50000000,0
1505680662,21675799,3171.09,0.00502100,0
1505680658,21675794,3171.09,0.02500000,0
1505680656,21675793,3170.00,0.29993446,1
1505680656,21675792,3170.01,0.02057186,1
1505680656,21675791,3170.01,0.27942814,1
1505680656,21675790,3170.02,0.02087311,1
1505680654,21675788,3170.02,0.30412689,0
1505680653,21675787,3170.02,0.02602717,0
1505680651,21675785,3170.02,0.33219614,1
1505680651,21675783,3170.02,0.30000000,1
1505680651,21675782,3170.02,0.03015406,1
1505680651,21675781,3175.41,0.00000194,1
1505680651,21675780,3175.41,0.02999806,1
1505680650,21675778,3180.77,0.00000194,1
1505680635,21675760,3180.78,0.01111981,1
1505680634,21675759,3180.78,0.01070593,1
1505680632,21675758,3180.78,0.43351073,0
1505680632,21675757,3180.78,0.02182574,0
1505680625,21675753,3180.77,0.02140992,1
1505680624,21675752,3180.78,0.07883814,0
1505680624,21675751,3180.77,0.02141186,0
1505680607,21675743,3180.78,0.09595686,0
1505680605,21675741,3170.00,0.09940773,0
1505680604,21675740,3170.04,0.00040618,1
1505680603,21675739,3170.04,0.05974540,1
1505680596,21675736,3182.00,0.02225000,0
1505680594,21675735,3182.00,0.05379401,0
1505680594,21675734,3180.79,0.14396373,0
1505680593,21675731,3180.79,0.04795000,0
1505680593,21675729,3180.77,0.00339226,0
1505680584,21675728,3170.04,0.06512842,1
1505680566,21675720,3180.76,0.04458795,0
1505680562,21675717,3170.00,0.68454237,1
1505680561,21675716,3170.01,0.34000000,1
1505680561,21675715,3170.02,0.00250017,1
1505680561,21675714,3170.02,0.10000000,1
1505680559,21675711,3170.04,0.17295746,1
1505680559,21675709,3170.04,0.00840000,1
1505680555,21675699,3180.76,0.08917367,0
1505680548,21675694,3180.76,0.08917589,0
1505680536,21675684,3180.77,0.00339226,0
1505680461,21675652,3180.77,0.02365438,0
1505680335,21675614,3170.01,0.00013629,1
1505680335,21675612,3172.00,0.00500034,1
1505680335,21675611,3172.00,0.07946338,1
1505680324,21675604,3180.65,0.03076637,0
1505680312,21675597,3172.00,0.61126855,1
1505680307,21675593,3172.00,0.01000000,1
1505680267,21675565,3172.00,0.29926807,1
1505680267,21675564,3172.00,0.40070681,1
1505680253,21675550,3172.00,0.17463100,1
1505680211,21675509,3172.00,0.35373818,1
1505680189,21675502,3172.00,0.07092401,1
1505680189,21675501,3172.01,0.01000068,1
1505680188,21675500,3172.01,0.10000000,1
1505680164,21675494,3182.60,0.00916340,0
1505680125,21675492,3183.07,0.04864929,0
1505680009,21675467,3172.01,0.17537454,1
1505680009,21675466,3174.50,0.00879730,1
1505680009,21675465,3174.51,0.02556990,1
1505680008,21675463,3183.10,0.02593579,0
1505680003,21675462,3182.90,0.02605934,0
1505680003,21675461,3175.00,0.00351421,0
1505679991,21675457,3174.51,0.00043127,1
1505679991,21675456,3174.54,0.23966710,1
1505679972,21675447,3175.00,0.01648579,1
1505679963,21675440,3175.03,0.23804290,1
1505679947,21675437,3175.00,0.02999000,1
1505679943,21675435,3175.00,0.03252241,1
1505679941,21675434,3175.00,0.12857295,1
1505679927,21675427,3175.03,0.02229000,1
1505679904,21675417,3183.09,0.03252820,0
1505679845,21675404,3183.01,0.01410515,0
1505679832,21675403,3175.00,0.05610632,1
1505679811,21675385,3183.16,0.50000000,1
1505679792,21675381,3175.00,0.18575677,1
1505679774,21675369,3175.00,0.33771300,1
1505679744,21675362,3183.77,0.02955776,0
1505679729,21675360,3175.01,0.14857767,1
1505679700,21675345,3184.05,0.23158175,0
1505679697,21675341,3175.01,0.08867555,0
1505679697,21675340,3180.81,0.00000449,1
1505679684,21675331,3184.06,0.00881172,0
1505679675,21675325,3180.81,0.02999551,1
1505679665,21675320,3184.33,0.01537300,0
1505679624,21675296,3184.40,0.03845884,0
1505679601,21675283,3175.01,0.42117469,1
1505679600,21675282,3175.01,0.02599557,1
1505679598,21675278,3184.50,0.02592257,0
1505679594,21675271,3175.43,0.23712449,1
1505679594,21675267,3175.43,0.10506600,1
1505679590,21675260,3175.43,0.17851454,1
1505679578,21675259,3175.43,0.01348400,1
1505679554,21675244,3175.01,0.11408993,1
1505679550,21675241,3175.00,0.05250000,1
1505679546,21675239,3175.00,0.02614173,1
1505679545,21675238,3184.81,0.05140894,1
1505679544,21675232,3184.81,0.02606120,1
1505679544,21675231,3184.81,0.16100000,1
1505679542,21675230,3184.81,0.01138646,0
1505679542,21675229,3184.81,0.00014340,0
1505679525,21675199,3175.01,0.01000000,1
1505679523,21675194,3175.00,0.13421103,1
1505679518,21675191,3172.05,0.10926937,1
1505679518,21675190,3172.08,0.02598758,1
1505679518,21675189,3172.09,0.02588678,1
1505679514,21675180,3184.81,0.00000354,0
1505679511,21675178,3184.81,0.01138646,1
1505679510,21675177,3184.81,0.01452814,0
1505679507,21675176,3172.11,0.27973299,1
1505679500,21675167,3184.82,0.02592204,0
1505679496,21675164,3175.23,0.42547186,1
1505679496,21675161,3175.23,0.01452814,1
1505679485,21675148,3175.26,0.01259905,1
1505679464,21675118,3184.83,0.06041407,0
1505679456,21675111,3170.59,0.01000000,1
1505679452,21675109,3184.84,0.59892620,1
1505679451,21675108,3184.84,0.40107380,0
1505679443,21675105,3184.84,0.01441401,0
1505679385,21675077,3184.84,0.02960148,0
1505679384,21675075,3184.84,0.08988457,0
1505679384,21675074,3184.00,0.18445562,0
1505679363,21675071,3184.00,0.03525000,0
1505679326,21675047,3169.71,0.02618560,1
1505679324,21675044,3183.96,0.02909286,0
1505679310,21675034,3183.96,0.06195781,0
1505679303,21675029,3183.99,0.02968835,0
1505679300,21675027,3184.00,0.02589893,0
1505679284,21675019,3170.77,0.01806441,1
1505679276,21675005,3184.00,0.19220438,0
1505679275,21675003,3177.51,0.00100262,0
1505679272,21674998,3177.51,0.01899738,1
1505679252,21674983,3184.00,0.06219107,0
1505679196,21674922,3185.06,0.02592035,0
1505679185,21674920,3185.06,0.03389011,0
1505679185,21674919,3183.16,0.00611721,0
1505679185,21674918,3183.16,0.01995749,0
1505679185,21674917,3180.13,0.02609811,0
1505679185,21674916,3180.12,0.01131448,0
1505679169,21674910,3177.75,0.02286210,1
1505679164,21674905,3177.75,0.01000000,0
1505679130,21674839,3177.43,0.01092393,1
1505679127,21674827,3174.33,0.00806935,0
1505679126,21674825,3177.75,0.01193065,1
1505679124,21674819,3180.12,0.01480462,0
1505679120,21674807,3177.75,0.01402463,0
1505679115,21674804,3177.75,0.25044689,0
1505679115,21674803,3177.73,0.02598014,0
1505679115,21674801,3177.57,0.02598092,0
1505679115,21674799,3177.53,0.74085305,0
1505679110,21674791,3177.53,0.00156726,0
1505679086,21674757,3177.53,0.00388981,0
1505679075,21674750,3177.53,0.12619988,0
1505679075,21674749,3170.83,0.12153912,0
1505679066,21674734,3170.83,0.01295093,0
1505679066,21674733,3170.82,0.02619180,0
1505679059,21674731,3165.83,0.00701035,1
1505679059,21674730,3168.93,0.01198965,1
1505679043,21674726,3168.96,0.06486892,1
1505679010,21674718,3165.00,0.09090262,0
1505679009,21674717,3168.61,0.01899738,1
1505679008,21674716,3168.93,0.01000000,1
1505679001,21674713,3164.93,0.20283802,1
1505678988,21674708,3170.00,0.27150695,0
1505678983,21674706,3170.00,0.41000000,0
1505678978,21674702,3170.00,0.39000000,0
1505678955,21674696,3170.00,0.02321200,0
1505678955,21674695,3170.00,0.15000000,0
1505678952,21674693,3170.00,0.02318572,0
1505678948,21674687,3170.00,0.02601527,0
1505678936,21674680,3170.00,0.01636000,0
1505678935,21674676,3170.00,0.58497727,0
1505678922,21674662,3170.83,0.02800000,0
1505678904,21674640,3170.83,0.05025000,0
1505678896,21674638,3170.83,0.32959037,0
1505678893,21674635,3170.83,0.03164359,0
1505678893,21674633,3170.82,0.01037925,0
1505678885,21674627,3170.83,0.02602599,0
1505678883,21674621,3167.98,0.02606040,0
1505678877,21674620,3167.97,0.21481324,0
1505678870,21674618,3167.96,0.02075850,0
1505678864,21674616,3167.97,0.00883740,0
1505678863,21674613,3167.97,0.61492210,0
1505678848,21674611,3167.96,0.01573597,0
1505678845,21674610,3167.97,0.02605913,0
1505678843,21674609,3167.97,0.00787813,0
1505678843,21674608,3167.25,0.00693151,0
1505678825,21674568,3167.25,0.01904846,0
1505678824,21674566,3166.00,0.00918668,0
1505678763,21674540,3160.00,0.01000000,0
1505678757,21674539,3160.00,0.23000000,0
1505678751,21674528,3161.92,0.01000000,1
1505678734,21674525,3166.00,0.00409100,0
1505678729,21674524,3159.00,0.24590000,1
1505678715,21674520,3166.00,0.02520531,0
1505678694,21674515,3165.40,0.17545058,0
1505678688,21674513,3165.40,0.36468719,0
1505678681,21674510,3165.40,0.33237223,0
1505678654,21674503,3157.42,0.30417635,1
1505678654,21674502,3159.55,0.01000000,0
1505678652,21674500,3159.55,0.02605400,1
1505678652,21674499,3165.41,0.04135828,0
1505678652,21674498,3165.41,0.04726718,0
1505678643,21674479,3165.41,0.01000000,0
1505678637,21674478,3165.42,0.12762777,0
1505678630,21674477,3165.42,0.01000000,0
1505678626,21674475,3165.42,0.02953056,0
1505678622,21674474,3165.42,0.02595600,0
1505678617,21674459,3165.42,0.05192491,0
1505678596,21674448,3165.59,0.01000000,1
1505678595,21674447,3166.00,0.02604007,0
1505678594,21674446,3166.00,0.13547694,0
1505678587,21674439,3165.44,0.02512174,0
1505678583,21674433,3165.44,0.05189798,0
1505678579,21674429,3165.44,0.50000000,0
1505678566,21674424,3165.44,0.22964000,0
1505678564,21674423,3165.44,0.02714574,0
1505678505,21674392,3165.55,0.00908318,0
1505678503,21674389,3165.55,0.02968490,0
1505678457,21674370,3165.72,0.05281010,0
1505678450,21674367,3165.73,0.01888279,0
1505678449,21674360,3165.73,0.00611721,1
1505678445,21674356,3165.73,0.01995749,1
1505678444,21674354,3165.73,0.12171680,0
1505678443,21674353,3165.79,0.03070111,0
1505678443,21674352,3157.40,0.00016700,0
1505678434,21674349,3160.40,0.23839200,1
1505678434,21674348,3165.85,0.47373751,0
1505678434,21674347,3165.84,0.02626249,0
1505678428,21674339,3166.66,0.10427106,0
1505678426,21674338,3166.67,0.13000000,0
1505678425,21674337,3166.67,0.46121727,0
1505678424,21674332,3166.68,0.08924496,0
1505678422,21674331,3165.86,0.22000000,0
1505678420,21674330,3165.86,0.28000000,0
1505678420,21674329,3165.83,0.15200000,0
1505678419,21674325,3166.70,0.16904940,0
1505678418,21674324,3166.68,0.00895801,0
1505678418,21674323,3166.68,0.02599476,0
1505678416,21674316,3166.70,0.02605680,0
1505678414,21674308,3150.00,0.19640689,0
1505678413,21674305,3150.00,0.53419000,0
1505678413,21674300,3150.00,0.15200000,0
1505678413,21674297,3150.00,0.53419000,0
1505678412,21674293,3150.00,0.92143610,0
1505678411,21674290,3150.00,0.02977660,0
1505678411,21674286,3150.00,0.03812445,0
1505678410,21674284,3150.04,0.02606040,1
1505678409,21674282,3150.05,0.02597997,1
1505678409,21674279,3152.12,0.01000000,1
1505678409,21674278,3152.30,0.37981002,1
1505678409,21674277,3152.30,0.32000000,1
1505678409,21674275,3152.30,0.16100000,1
1505678409,21674273,3152.31,0.16996171,1
1505678409,21674272,3155.50,0.53497386,1
1505678405,21674263,3166.64,0.53812445,0
1505678365,21674257,3171.18,0.04449775,0
1505678363,21674256,3171.11,0.01473341,0
1505678344,21674214,3152.02,0.05195425,1
1505678331,21674209,3152.00,0.01346088,1
1505678330,21674208,3152.00,0.14401888,1
1505678303,21674201,3172.59,0.02719555,0
1505678294,21674200,3172.61,0.00628820,0
1505678285,21674199,3172.65,0.02601783,0
1505678284,21674198,3172.57,0.01096230,0
1505678276,21674195,3166.96,0.01388155,0
1505678272,21674191,3150.38,0.02634887,1
1505678271,21674188,3150.05,0.02634887,1
1505678269,21674187,3177.57,0.02598092,0
1505678268,21674184,3159.10,0.01246740,1
1505678267,21674181,3159.10,0.01380590,0
1505678265,21674180,3159.10,0.01246740,1
1505678262,21674177,3150.01,2.78230061,1
1505678262,21674176,3158.02,0.07000000,1
1505678262,21674175,3158.03,0.02524825,1
1505678261,21674174,3159.04,0.87251000,1
1505678261,21674173,3160.82,0.02618271,1
1505678261,21674172,3162.92,0.22375843,1
1505678261,21674171,3162.92,0.10000000,1
1505678260,21674169,3162.92,0.02624157,1
1505678259,21674168,3177.72,0.10758539,0
1505678258,21674167,3177.73,0.04308421,0
1505678258,21674166,3177.72,0.02618271,1
1505678258,21674164,3177.72,0.17036775,1
1505678257,21674163,3172.10,0.00319005,1
1505678256,21674159,3177.73,0.02598014,0
1505678255,21674156,3104.00,7.85575959,1
1505678255,21674155,3105.30,0.00321064,1
1505678255,21674154,3109.65,0.00948607,1
1505678254,21674153,3110.00,0.50000000,1
1505678254,21674152,3110.60,0.10000000,1
1505678254,21674151,3110.61,0.23501665,1
1505678254,21674150,3124.04,0.50000000,1
1505678254,21674149,3125.16,0.00316898,1
1505678254,21674148,3125.34,0.00319005,1
1505678254,21674147,3125.66,0.01595407,1
1505678254,21674146,3125.66,0.08404593,1
1505678253,21674145,3130.39,0.09000000,1
1505678253,21674144,3131.87,0.10000000,1
1505678253,21674143,3133.13,0.01767013,1
1505678253,21674142,3135.31,0.02634912,1
1505678253,21674141,3135.53,8.44000000,1
1505678253,21674140,3136.91,0.02634920,1
1505678253,21674139,3139.59,0.02632647,1
1505678252,21674138,3139.99,0.02484618,1
1505678252,21674137,3139.99,0.00147795,1
1505678252,21674136,3141.22,7.75000000,1
1505678252,21674135,3141.74,0.02627288,1
1505678252,21674134,3142.10,0.02630644,1
1505678252,21674133,3142.91,0.00008373,1
1505678252,21674132,3142.91,0.02621596,1
1505678251,21674131,3143.63,0.02206481,1
1505678251,21674130,3143.63,0.03943894,1
1505678251,21674129,3143.63,0.03849625,1
1505678251,21674128,3145.60,2.66760000,1
1505678251,21674127,3146.10,8.72510000,1
1505678251,21674126,3146.67,0.03000000,1
1505678251,21674125,3146.75,0.02626573,1
1505678250,21674124,3146.90,0.02626582,1
1505678250,21674123,3146.94,0.00024657,1
1505678250,21674122,3146.94,0.02601892,1
1505678250,21674121,3147.95,10.19000000,1
1505678250,21674120,3148.49,0.56000000,1
1505678250,21674119,3148.72,0.00316637,1
1505678250,21674118,3150.00,1.21453016,1
1505678250,21674117,3150.00,0.28594050,1
1505678249,21674116,3150.00,0.19247619,1
1505678249,21674115,3150.00,2.10792388,1
1505678249,21674114,3151.66,0.44000000,1
1505678249,21674113,3151.77,0.00010137,1
1505678249,21674112,3151.77,0.02081325,1
1505678249,21674111,3151.77,0.00527941,1
1505678249,21674110,3152.34,0.00185894,1
1505678249,21674109,3152.82,0.02621621,1
1505678248,21674108,3152.92,0.02621621,1
1505678248,21674106,3153.67,7.26000000,1
1505678248,21674105,3153.80,0.02619453,1
1505678248,21674104,3154.10,0.02623269,1
1505678248,21674103,3155.00,0.35903055,1
1505678248,21674102,3155.50,0.02619420,1
1505678248,21674101,3155.67,0.02618255,1
1505678248,21674100,3156.00,0.50000000,1
1505678247,21674099,3156.40,0.00010685,1
1505678247,21674098,3156.40,0.02607570,1
1505678247,21674097,3156.97,0.02618255,1
1505678247,21674096,3156.99,0.08000000,1
1505678247,21674095,3158.00,0.38861542,1
1505678247,21674094,3158.01,0.66370960,1
1505678247,21674093,3158.85,0.32712016,1
1505678247,21674092,3159.04,0.87251000,1
1505678247,21674091,3162.77,0.50000000,1
1505678246,21674090,3162.78,0.39000000,1
1505678246,21674089,3162.90,0.02609811,1
1505678246,21674088,3163.08,0.03065273,1
1505678246,21674087,3163.11,0.96734479,1
1505678245,21674086,3163.08,0.49434727,0
1505678243,21674085,3163.08,0.02925041,0
1505678223,21674079,3163.08,0.03265521,1
1505678205,21674072,3177.51,0.08840322,0
1505678205,21674071,3177.48,0.16378229,0
1505678146,21674017,3177.17,0.07043925,0
1505678125,21674009,3177.22,0.12199222,0
1505678065,21673899,3177.59,0.02720269,0
1505678053,21673887,3161.97,0.28444295,1
1505677963,21673828,3176.71,0.07550971,0
1505677962,21673827,3176.71,0.00638465,0
1505677962,21673826,3176.71,0.01361535,0
1505677944,21673816,3176.73,0.07301930,0
1505677944,21673815,3176.72,0.02723070,0
1505677925,21673799,3176.77,0.03770293,0
1505677925,21673798,3176.76,0.05446140,0
1505677872,21673771,3159.15,0.02627288,1
1505677870,21673769,3176.87,0.00427171,0
1505677866,21673766,3176.87,0.14070677,0
1505677866,21673765,3168.66,0.00010137,0
1505677857,21673760,3162.44,0.00286414,1
1505677853,21673755,3162.41,0.00572829,1
1505677850,21673753,3161.71,0.01145657,1
1505677849,21673751,3161.71,0.02291314,1
1505677844,21673750,3161.71,0.00698959,1
1505677843,21673748,3161.73,0.01397919,1
1505677837,21673744,3161.62,0.03494633,1
1505677837,21673743,3168.56,0.00411729,1
1505677837,21673742,3168.56,0.01352000,1
1505677837,21673741,3168.56,0.00855790,1
1505677826,21673729,3168.76,0.03788764,1
1505677826,21673728,3169.04,0.02610062,1
1505677826,21673727,3169.05,0.02602629,1
1505677823,21673726,3171.99,0.00898600,0
1505677819,21673723,3172.00,0.11444515,1
1505677812,21673718,3183.90,0.21457731,0
1505677812,21673717,3183.73,0.05000000,0
1505677810,21673716,3177.75,0.11091920,0
1505677810,21673715,3177.75,0.24000000,0
1505677803,21673712,3177.76,0.13522196,0
1505677788,21673706,3177.79,0.03025240,0
1505677778,21673697,3183.77,0.04386623,0
1505677732,21673690,3183.83,0.01129774,0
1505677732,21673689,3175.05,0.01463228,0
1505677704,21673673,3172.01,0.00723651,0
1505677700,21673667,3172.01,0.35000000,0
1505677688,21673665,3172.01,0.02602646,0
1505677686,21673664,3172.01,0.01966241,1
1505677643,21673629,3183.98,0.03002670,0
1505677640,21673628,3183.99,0.02592698,0
1505677638,21673622,3172.01,0.00636458,0
1505677636,21673618,3172.01,0.01363542,1
1505677625,21673601,3184.34,0.29132568,0
1505677623,21673598,3172.01,0.01236572,1
1505677586,21673580,3186.92,0.01025000,0
1505677584,21673578,3186.92,0.03072785,0
1505677540,21673545,3187.00,0.55156395,1
1505677540,21673544,3187.00,0.05902971,1
1505677540,21673540,3186.76,0.06594865,0
1505677540,21673539,3186.70,0.25409299,0
1505677539,21673538,3186.67,0.02926455,0
1505677539,21673537,3186.66,0.04010015,0
1505677533,21673525,3186.70,0.02590701,0
1505677527,21673518,3173.32,0.01647090,0
1505677527,21673517,3173.31,0.05852910,0
1505677525,21673512,3175.00,0.00000314,1
1505677525,21673511,3175.01,0.00000393,1
1505677513,21673500,3186.74,0.02590530,0
1505677513,21673497,3175.01,0.02599362,1
1505677510,21673491,3175.00,0.01999686,1
1505677444,21673467,3186.76,0.00877535,0
1505677401,21673444,3186.76,0.10758730,0
1505677308,21673384,3170.15,0.05585729,1
1505677302,21673380,3177.05,0.05872070,1
1505677292,21673375,3177.05,0.09203984,1
1505677291,21673374,3177.04,0.02596293,1
1505677291,21673373,3177.25,0.24714532,1
1505677290,21673371,3177.25,0.05827996,1
1505677287,21673367,3177.25,0.06457472,1
1505677279,21673362,3177.24,0.00298579,1
1505677274,21673359,3177.25,0.02353608,1
1505677266,21673350,3194.38,0.01674615,0
1505677266,21673349,3194.00,0.03649150,0
1505677265,21673348,3193.64,0.06505886,0
1505677265,21673345,3193.56,0.02584075,1
1505677263,21673344,3193.56,0.09564248,0
1505677263,21673343,3193.46,0.20012693,0
1505677262,21673338,3178.14,0.00145223,0
1505677261,21673337,3177.25,0.04928162,1
1505677261,21673335,3177.25,0.08400391,1
1505677261,21673334,3177.26,0.02597600,1
1505677259,21673332,3178.14,0.10529260,0
1505677232,21673319,3179.01,0.06794769,1
1505677211,21673307,3179.01,0.07010988,1
1505677205,21673303,3193.64,0.02873524,0
1505677185,21673299,3193.70,0.12209027,0
1505677176,21673297,3179.01,0.01334378,1
1505677158,21673277,3179.01,0.11424380,1
1505677108,21673259,3193.88,0.02041651,0
1505677098,21673255,3193.93,0.04350526,0
1505677075,21673251,3178.32,0.35593000,1
1505677025,21673231,3194.95,0.01036731,0
1505677025,21673230,3194.95,0.03000000,0
1505676984,21673204,3194.99,0.00875727,0
1505676965,21673197,3194.99,0.07180617,0
1505676948,21673181,3195.00,0.00072661,0
1505676947,21673180,3191.09,0.02514050,0
1505676946,21673179,3191.09,0.00089131,1
1505676945,21673175,3195.00,0.11340336,0
1505676945,21673174,3194.98,0.12765593,0
1505676945,21673173,3194.97,0.16000000,0
1505676944,21673172,3194.89,0.03000000,0
1505676944,21673171,3191.16,0.00002411,0
1505676944,21673170,3191.16,0.02596293,0
1505676942,21673169,3191.09,0.00999000,0
1505676942,21673168,3191.09,0.01500842,0
1505676940,21673165,3191.09,0.00999158,1
1505676924,21673156,3191.09,0.01000009,0
1505676924,21673155,3190.76,0.00010379,0
1505676924,21673154,3190.76,0.02590887,0
1505676924,21673153,3190.75,0.00008349,0
1505676924,21673152,3190.42,0.02294719,0
1505676853,21673065,3177.24,0.02294719,1
1505676853,21673064,3177.25,0.00010379,1
1505676853,21673062,3177.26,0.00288200,1
1505676848,21673058,3177.26,0.02211800,1
1505676841,21673049,3190.42,0.00000275,1
1505676841,21673048,3190.75,0.02590355,0
1505676838,21673042,3190.42,0.02587000,1
1505676834,21673032,3177.25,0.02590887,0
1505676832,21673021,3177.24,0.00002527,1
1505676832,21673020,3177.25,0.02590887,1
1505676832,21673019,3177.26,0.00002411,1
1505676832,21673018,3177.26,0.02596293,1
1505676824,21673004,3177.27,0.24400124,1
1505676801,21672982,3177.27,0.12854737,1
1505676791,21672968,3194.99,0.09770609,1
1505676790,21672966,3194.98,0.03000000,1
1505676789,21672964,3194.98,0.02121725,0
1505676783,21672955,3194.98,0.00878275,0
1505676768,21672940,3177.27,0.09961264,1
1505676764,21672933,3194.99,0.00025765,0
1505676764,21672932,3194.98,0.00854434,0
1505676744,21672927,3194.98,0.01543334,0
1505676744,21672926,3194.97,0.02000000,0
1505676725,21672916,3194.98,0.00872318,1
1505676725,21672900,3194.98,0.02000000,0
1505676706,21672885,3177.27,0.19211264,1
1505676706,21672884,3177.27,0.24386113,1
1505676706,21672883,3177.74,0.00054416,1
1505676695,21672879,3195.68,0.13927495,1
1505676694,21672878,3195.68,0.16130984,0
1505676694,21672877,3195.68,0.38786425,0
1505676694,21672876,3195.68,0.17496224,0
1505676693,21672872,3195.68,0.02586367,0
1505676691,21672870,3177.74,0.02445584,0
1505676688,21672869,3177.74,0.00109730,1
1505676688,21672868,3177.74,0.12390270,0
1505676684,21672857,3177.74,0.80151979,0
1505676684,21672855,3177.74,0.03002362,0
1505676684,21672849,3177.27,0.14897780,1
1505676665,21672829,3177.74,0.02807273,0
1505676663,21672827,3177.27,0.01008645,1
1505676659,21672825,3177.74,0.30742882,0
1505676654,21672823,3179.99,0.10000000,0
1505676650,21672821,3179.99,0.00197485,0
1505676635,21672814,3178.74,0.10025000,0
1505676583,21672801,3180.00,0.12607328,1
1505676576,21672798,3180.00,0.30000000,1
1505676573,21672792,3185.00,0.24660296,0
1505676551,21672776,3185.00,0.00641006,0
1505676517,21672768,3185.00,0.07656900,0
1505676505,21672757,3180.00,0.01009827,1
1505676499,21672755,3180.00,0.08400000,1
1505676443,21672723,3195.71,0.00865295,0
1505676424,21672720,3195.74,0.56094161,0
1505676424,21672719,3195.73,0.13000000,0
1505676424,21672718,3195.66,0.03000000,0
1505676424,21672717,3189.72,0.52338832,0
1505676424,21672716,3189.69,0.24872252,0
1505676420,21672713,3189.72,0.52359768,1
1505676388,21672709,3197.97,0.02583929,0
1505676386,21672706,3184.26,0.01565032,0
1505676369,21672701,3198.93,0.02583534,0
1505676368,21672700,3183.59,0.09000000,0
1505676358,21672692,3198.97,0.02583888,1
1505676356,21672691,3198.97,0.02583836,0
1505676354,21672690,3176.96,0.04444111,0
1505676351,21672688,3200.00,0.02583056,0
1505676351,21672687,3199.00,0.01039348,1
1505676349,21672686,3199.00,0.01543275,0
1505676347,21672685,3199.00,0.10178757,0
1505676347,21672684,3198.21,0.02595202,0
1505676347,21672683,3197.51,0.02595776,0
1505676347,21672682,3197.45,0.02595825,0
1505676347,21672681,3197.29,0.02595949,0
1505676347,21672680,3197.04,0.02596153,0
1505676347,21672679,3196.59,0.02596497,0
1505676346,21672678,3196.55,0.03000000,0
1505676346,21672677,3195.66,0.02597275,0
1505676346,21672676,3194.81,0.02597962,0
1505676346,21672675,3194.34,0.02593487,0
1505676346,21672674,3194.24,0.02598433,0
1505676346,21672673,3194.08,0.17356029,0
1505676346,21672672,3194.06,0.06621920,0
1505676346,21672671,3194.06,0.40837962,0
1505676346,21672670,3193.33,0.02599172,0
1505676345,21672669,3192.70,0.02599680,0
1505676345,21672668,3192.61,0.02588702,0
1505676345,21672667,3192.61,0.00011056,0
1505676345,21672666,3192.44,0.00000145,0
1505676345,21672665,3192.44,0.02599750,0
1505676345,21672664,3192.31,0.02600004,0
1505676345,21672663,3192.30,0.14000000,0
1505676345,21672662,3191.83,0.03047970,0
1505676344,21672661,3191.19,0.01895872,0
1505676344,21672660,3191.19,0.00698122,0
1505676344,21672659,3190.60,0.00479618,0
1505676344,21672658,3190.60,0.02120794,0
1505676344,21672657,3189.91,0.00898933,0
1505676344,21672656,3189.91,0.00011572,0
1505676344,21672655,3182.99,0.00555889,0
1505676338,21672650,3182.99,0.04444111,1
1505676337,21672649,3187.93,0.67376449,0
1505676337,21672648,3183.06,0.01000000,0
1505676334,21672647,3182.99,1.22316900,1
1505676334,21672646,3183.05,0.26126941,1
1505676327,21672641,3182.99,0.08700742,1
1505676324,21672640,3182.99,0.08743648,1
1505676324,21672639,3183.00,0.00000045,1
1505676278,21672615,3188.32,0.01675759,0
1505676266,21672599,3188.32,0.00924630,0
1505676266,21672598,3185.99,0.04024654,0
1505676266,21672597,3185.00,0.01098133,0
1505676266,21672596,3183.03,0.05811050,0
1505676266,21672595,3183.02,0.00365985,0
1505676252,21672590,3183.02,0.00332815,0
1505676125,21672554,3183.00,0.10929312,1
1505676125,21672553,3183.03,0.65212583,1
1505676124,21672549,3185.00,0.01852816,0
1505676112,21672531,3183.00,0.05813200,1
1505676102,21672514,3183.01,0.40453328,1
1505676101,21672513,3185.00,0.03025000,0
1505676089,21672503,3183.31,0.03324598,1
1505676072,21672483,3183.00,0.44502460,0
1505676051,21672458,3183.00,0.03782708,0
1505676042,21672448,3183.00,0.16264000,0
1505676042,21672443,3182.99,0.06667037,1
1505676026,21672428,3183.00,0.00860503,0
1505676013,21672424,3183.00,0.40000000,0
1505675924,21672296,3183.00,0.03001281,0
1505675909,21672289,3182.99,0.12527562,1
1505675864,21672236,3183.00,0.30511245,0
1505675823,21672228,3182.99,0.01513720,0
1505675812,21672224,3183.00,0.15669180,0
1505675810,21672221,3183.00,0.03000000,0
1505675802,21672219,3182.99,0.02706073,0
1505675773,21672191,3184.37,0.28219851,1
1505675771,21672190,3183.98,0.01862449,0
1505675743,21672175,3183.98,0.00879855,0
1505675740,21672174,3183.98,0.02595949,0
1505675727,21672170,3183.99,0.15336251,0
1505675727,21672165,3183.99,0.07614424,0
1505675726,21672164,3183.94,0.02605838,0
1505675726,21672163,3183.91,0.05000000,0
1505675726,21672162,3183.52,0.02603109,0
1505675726,21672161,3183.46,0.02603161,0
1505675726,21672160,3180.00,0.06700000,0
1505675726,21672159,3180.00,0.45509215,0
1505675726,21672158,3179.99,0.02475441,0
1505675724,21672157,3179.99,0.05386460,0
1505675706,21672148,3179.99,0.02984769,0
1505675644,21672123,3180.00,0.01520245,0
1505675610,21672109,3180.00,0.01504840,0
1505675609,21672108,3180.00,0.01295954,0
1505675609,21672107,3179.99,0.00205338,0
1505675609,21672106,3179.98,0.01484253,0
1505675589,21672098,3180.00,0.02599172,0
1505675588,21672097,3180.00,0.00891447,0
1505675588,21672096,3178.08,0.08897081,0
1505675588,21672094,3178.08,0.10793987,0
1505675588,21672093,3178.00,0.52552760,0
1505675587,21672092,3177.99,0.02968506,0
1505675579,21672088,3170.00,0.00730154,1
1505675579,21672087,3170.01,0.02605838,1
1505675568,21672082,3177.99,0.00200000,0
1505675544,21672076,3178.00,0.06039968,0
1505675543,21672075,3178.00,0.03020272,0
1505675526,21672064,3178.09,0.04527247,0
1505675526,21672063,3178.09,0.02960275,0
1505675525,21672062,3178.08,0.27000000,0
1505675525,21672061,3178.08,0.06137013,0
1505675524,21672059,3170.00,0.01952300,1
1505675524,21672058,3172.68,0.01000000,1
1505675506,21672050,3183.37,0.02682462,0
1505675404,21671987,3170.01,0.26369121,1
1505675404,21671986,3170.02,0.02603109,1
1505675403,21671985,3170.03,0.02603161,1
1505675403,21671984,3171.09,0.02590737,1
1505675403,21671983,3171.09,0.14326590,1
1505675386,21671981,3184.26,0.02595825,0
1505675385,21671979,3184.26,0.14326590,0
1505675384,21671978,3180.00,0.27146818,0
1505675384,21671977,3179.99,0.12274026,0
1505675364,21671962,3180.00,0.05918010,0
1505675358,21671953,3179.99,0.03135229,0
1505675343,21671941,3180.00,0.02935172,0
1505675343,21671940,3175.00,0.00020270,0
1505675287,21671921,3184.32,0.06877763,1
1505675287,21671920,3184.32,0.02595776,0
1505675285,21671919,3175.00,0.00327794,0
1505675251,21671871,3175.00,0.43210312,1
1505675248,21671869,3185.22,0.09870590,0
1505675240,21671864,3175.00,0.90000000,1
1505675234,21671854,3175.00,0.11573223,1
1505675234,21671853,3185.20,0.17281483,1
1505675233,21671852,3185.20,0.02743517,0
1505675224,21671847,3185.18,0.02953688,0
1505675198,21671843,3175.00,0.05216465,1
1505675191,21671841,3175.00,0.50000000,1
1505675178,21671833,3187.27,0.01564662,0
1505675175,21671830,3170.01,0.03535426,1
1505675175,21671829,3170.02,0.01770000,1
1505675165,21671820,3187.40,0.24250935,0
1505675164,21671816,3187.40,0.00898479,0
1505675126,21671786,3187.70,0.02959186,0
1505675125,21671785,3187.70,0.02174076,0
1505675123,21671784,3187.70,0.11856125,0
1505675106,21671775,3187.89,0.02980052,0
1505675065,21671761,3188.10,0.02969604,0
1505675064,21671759,3188.10,0.01344039,0
1505675063,21671758,3187.67,0.00218375,0
1505675063,21671757,3187.65,0.05000000,0
1505675035,21671742,3187.08,0.02593079,0
1505675033,21671739,3170.10,0.21358820,1
1505675033,21671738,3172.08,0.02607299,1
1505675024,21671733,3187.67,0.10790323,0
1505675024,21671732,3187.19,0.05000000,0
1505675024,21671731,3187.19,0.25000000,0
1505675023,21671730,3185.23,0.01627378,0
1505675023,21671729,3185.22,0.02607299,0
1505674949,21671647,3184.10,0.02595202,0
1505674945,21671636,3184.12,0.02407366,0
1505674944,21671635,3182.18,0.00000595,0
1505674944,21671634,3182.17,0.02081325,0
1505674842,21671535,3181.00,0.15517777,0
1505674810,21671527,3170.00,0.05650700,1
1505674809,21671524,3170.00,0.07848000,1
1505674808,21671521,3170.00,0.05773400,1
1505674802,21671514,3170.00,0.09427300,1
1505674801,21671512,3170.00,0.04494800,1
1505674759,21671490,3170.00,1.00610089,1
1505674759,21671489,3170.05,0.29381745,0
1505674758,21671488,3170.05,0.02618255,1
1505674757,21671487,3180.00,0.00008166,1
1505674756,21671485,3180.00,0.20413526,1
1505674755,21671483,3182.17,0.00527941,0
1505674755,21671482,3182.16,0.02610062,0
1505674752,21671480,3180.00,0.23658314,1
1505674747,21671476,3180.00,0.04434097,1
1505674735,21671469,3179.00,0.43894400,0
1505674721,21671463,3168.64,0.02619420,1
1505674719,21671461,3180.97,0.03046337,1
1505674717,21671460,3182.18,0.02606500,0
1505674717,21671457,3180.97,0.01903463,0
1505674715,21671452,3180.97,0.03046845,0
1505674706,21671446,3180.97,0.03913000,0
1505674701,21671436,3181.00,0.02618255,1
1505674700,21671435,3181.00,0.02662881,0
1505674700,21671434,3181.00,0.06464434,0
1505674699,21671430,3181.00,0.02598433,0
1505674698,21671429,3181.00,0.02274252,0
1505674697,21671427,3180.97,0.16489173,0
1505674697,21671426,3170.05,0.00010685,0
1505674696,21671425,3168.60,0.05077055,1
1505674696,21671424,3168.61,0.02607095,1
1505674694,21671418,3168.63,0.02705140,1
1505674692,21671414,3185.23,0.00971302,0
1505674691,21671408,3183.37,0.09751368,1
1505674690,21671404,3183.37,0.00156440,0
1505674690,21671402,3183.37,0.02448907,0
1505674689,21671397,3183.19,0.02607123,0
1505674688,21671392,3183.19,0.00000327,0
1505674688,21671390,3183.18,0.02607570,0
1505674688,21671386,3181.75,0.02136105,0
1505674688,21671384,3181.74,0.00411729,0
1505674685,21671383,3181.74,0.01352000,0
1505674682,21671374,3181.74,0.00855790,0
1505674682,21671373,3181.74,0.01264319,0
1505674675,21671362,3181.75,0.02597275,0
1505674671,21671350,3180.73,0.18849992,0
1505674671,21671349,3180.73,0.71150008,0
1505674671,21671348,3180.69,0.02609498,0
1505674671,21671346,3180.52,0.02528638,0
1505674669,21671342,3180.59,0.06249593,0
1505674669,21671340,3180.58,0.11057680,0
1505674668,21671335,3180.58,0.09942320,0
1505674668,21671334,3180.53,0.11801453,0
1505674664,21671326,3180.59,0.02597962,0
1505674663,21671322,3180.59,0.02970585,0
1505674660,21671310,3178.65,0.01387632,0
1505674660,21671309,3176.58,0.00663257,0
1505674660,21671307,3173.45,0.00000157,0
1505674651,21671249,3173.45,0.02601735,0
1505674651,21671247,3170.00,0.13006265,0
1505674644,21671223,3170.00,0.00993735,0
1505674644,21671222,3169.99,0.02775265,0
1505674637,21671219,3161.03,0.20221527,1
1505674610,21671204,3160.04,0.00024657,1
1505674608,21671203,3176.58,0.00716000,0
1505674607,21671201,3160.57,0.04253888,1
1505674607,21671200,3160.60,0.02832214,1
1505674605,21671196,3179.42,0.04369795,0
1505674605,21671195,3179.41,0.02588702,0
1505674605,21671194,3176.58,0.01231503,0
1505674604,21671192,3160.04,0.04214723,1
1505674604,21671191,3160.04,0.09520291,1
1505674604,21671190,3163.40,0.01376719,1
1505674604,21671189,3163.40,0.01238871,1
1505674604,21671188,3163.41,0.01379257,1
1505674603,21671187,3166.17,0.00011056,1
1505674602,21671186,3163.41,0.01231503,1
1505674602,21671185,3166.17,0.01396336,1
1505674602,21671184,3166.17,0.01203344,1
1505674602,21671183,3167.00,0.01424896,1
1505674602,21671182,3167.00,0.02629277,1
1505674602,21671181,3167.00,0.04168076,1
1505674602,21671180,3167.00,0.01777751,1
1505674602,21671179,3179.41,0.02588702,1
1505674599,21671174,3165.98,0.08601310,1
1505674599,21671173,3165.98,0.01277069,1
1505674599,21671172,3165.99,0.02609498,1
1505674597,21671169,3165.98,0.02621621,1
1505674595,21671168,3179.18,0.00000145,1
1505674592,21671163,3165.98,0.12003427,0
1505674590,21671161,3165.98,0.02599750,0
1505674590,21671160,3165.98,0.02610801,1
1505674589,21671157,3166.04,0.02621621,1
1505674587,21671142,3180.99,0.02596153,1
1505674586,21671141,3183.19,0.80939029,1
1505674586,21671139,3183.19,0.02611748,1
1505674586,21671134,3183.04,0.02607576,0
1505674586,21671130,3181.75,0.02336673,0
1505674585,21671128,3181.75,0.00271955,0
1505674585,21671127,3181.29,0.02609001,0
1505674584,21671126,3180.99,0.30000000,0
1505674584,21671125,3180.99,1.26664684,1
1505674584,21671121,3180.73,0.24393420,0
1505674583,21671119,3180.71,1.26664684,0
1505674583,21671118,3180.70,1.26664684,0
1505674583,21671117,3179.42,0.01258454,0
1505674582,21671116,3179.42,0.01352087,0
1505674582,21671115,3179.42,0.16100000,1
1505674582,21671114,3179.42,0.02615590,1
1505674582,21671113,3179.35,0.00626231,0
1505674581,21671112,3179.10,0.02610801,0
1505674581,21671110,3176.50,0.00339180,0
1505674581,21671109,3173.28,0.07086044,1
1505674580,21671107,3173.28,0.02626573,1
1505674579,21671104,3173.28,1.00901737,0
1505674578,21671102,3160.01,0.07901351,1
1505674578,21671098,3179.11,0.02600004,1
1505674577,21671094,3179.35,0.01984367,0
1505674577,21671092,3179.11,0.02610793,0
1505674576,21671089,3179.10,0.04000000,1
1505674576,21671088,3176.50,2.03190552,0
1505674576,21671087,3176.28,0.02612913,0
1505674575,21671086,3176.28,0.00000207,0
1505674575,21671085,3176.26,0.21000000,1
1505674575,21671084,3173.28,0.02615567,0
1505674574,21671081,3170.07,0.30000000,0
1505674574,21671079,3170.01,0.03974165,0
1505674574,21671078,3170.00,0.33725788,0
1505674573,21671077,3169.99,0.02739130,0
1505674573,21671076,3169.91,1.00579464,0
1505674568,21671068,3160.03,0.02626582,1
1505674566,21671064,3170.00,0.05175394,0
1505674565,21671062,3169.91,0.00948607,0
1505674565,21671061,3169.91,0.91835765,0
1505674565,21671059,3169.91,0.02619453,1
1505674565,21671056,3169.19,0.02623269,0
1505674564,21671052,3169.08,0.44684384,0
1505674564,21671050,3169.07,0.23000000,0
1505674563,21671048,3168.60,0.79611259,1
1505674563,21671046,3168.60,0.01296642,0
1505674521,21670969,3156.02,0.05445115,1
1505674504,21670953,3168.96,0.00379967,0
1505674504,21670952,3168.95,0.02593284,0
1505674486,21670940,3168.89,0.14715302,0
1505674481,21670935,3155.93,0.00008373,0
1505674459,21670887,3152.72,0.02632647,1
1505674452,21670857,3166.01,0.08534401,1
1505674451,21670851,3166.01,0.25991488,1
1505674451,21670847,3166.01,0.01730198,1
1505674448,21670839,3166.01,0.14490000,1
1505674440,21670808,3166.01,0.01750892,1
1505674426,21670793,3169.07,0.00444731,0
1505674426,21670792,3169.06,0.02621596,0
1505674425,21670791,3166.01,0.00828982,1
1505674425,21670790,3166.01,0.41671018,1
1505674421,21670786,3166.01,0.02223382,0
1505674403,21670764,3166.01,0.02102026,0
1505674386,21670718,3166.01,0.00674592,0
1505674386,21670717,3165.96,0.05293813,0
1505674386,21670716,3165.89,0.06655278,0
1505674386,21670715,3165.85,0.01901144,0
1505674383,21670712,3165.82,0.04073439,0
1505674377,21670691,3150.00,0.02634920,1
1505674376,21670687,3165.89,0.05294126,0
1505674376,21670685,3169.08,0.53459048,0
1505674376,21670682,3166.97,0.01772516,0
1505674375,21670681,3166.97,0.00848187,0
1505674375,21670680,3166.97,0.31000000,1
1505674375,21670679,3166.31,0.02610510,0
1505674374,21670675,3166.04,0.01109340,0
1505674374,21670672,3166.01,0.02619846,0
1505674374,21670671,3165.97,0.01898367,0
1505674373,21670670,3165.89,0.28034868,0
1505674373,21670668,3163.44,0.01823870,1
1505674373,21670667,3163.44,0.00791389,0
1505674370,21670662,3150.00,0.01173415,1
1505674370,21670661,3150.01,0.01823870,1
1505674369,21670652,3150.01,0.00791389,1
1505674369,21670651,3150.04,0.00011103,1
1505674368,21670650,3150.04,0.01833728,1
1505674364,21670645,3150.07,0.85013462,1
1505674364,21670644,3165.89,0.03965132,0
1505674364,21670643,3165.85,0.15657079,0
1505674363,21670642,3165.83,0.26575500,0
1505674363,21670641,3165.82,0.03802289,0
1505674352,21670606,3165.85,0.01600000,0
1505674346,21670604,3150.04,0.00779185,1
1505674346,21670603,3151.01,0.00176320,1
1505674346,21670602,3151.01,0.33528847,1
1505674343,21670599,3151.01,0.01147360,1
1505674343,21670598,3151.06,0.00352640,1
1505674340,21670596,3151.01,1.22306007,1
1505674340,21670595,3151.01,0.03017786,1
1505674340,21670594,3151.06,0.05577806,1
1505674340,21670593,3152.92,0.00352640,1
1505674335,21670591,3152.87,0.01772516,1
1505674335,21670589,3152.87,0.00848187,1
1505674334,21670588,3152.88,0.02619846,1
1505674334,21670586,3152.89,0.00705280,1
1505674334,21670583,3165.92,0.02609001,0
1505674333,21670580,3152.92,0.05000000,1
1505674329,21670578,3155.00,0.42500000,0
1505674323,21670569,3152.88,0.01898367,1
1505674323,21670568,3152.89,0.02610510,1
1505674323,21670567,3155.00,0.00000364,1
1505674322,21670564,3155.00,0.01410196,1
1505674322,21670563,3155.00,0.41126731,1
1505674312,21670557,3155.00,0.03160115,1
1505674311,21670555,3155.54,0.00127950,1
1505674308,21670550,3155.54,0.00872050,1
1505674304,21670543,3166.03,0.15412563,0
1505674303,21670540,3155.00,0.05000000,1
1505674284,21670514,3166.04,0.00160080,0
1505674284,21670513,3165.97,0.00723167,0
1505674278,21670508,3152.88,0.00723167,1
1505674277,21670507,3152.89,0.01269420,1
1505674269,21670502,3166.31,0.01258454,0
1505674268,21670500,3152.89,0.01352087,1
1505674268,21670499,3152.91,0.02821119,1
1505674265,21670497,3166.31,0.02898326,0
1505674244,21670484,3152.91,0.05000000,1
1505674240,21670478,3166.24,0.02610598,0
1505674234,21670474,3166.22,0.03119819,0
1505674225,21670471,3166.24,0.00434538,0
1505674225,21670469,3163.10,0.02615538,0
1505674223,21670466,3153.09,0.04986538,1
1505674213,21670459,3163.09,0.00523245,0
1505674213,21670458,3163.09,0.01049164,0
1505674212,21670456,3163.09,0.01561629,0
1505674212,21670455,3163.09,0.00011103,0
1505674194,21670443,3163.09,0.00000207,0
1505674192,21670440,3153.00,0.02484618,0
1505674189,21670432,3153.00,0.00147795,1
1505674188,21670427,3163.09,0.02610793,1
1505674185,21670420,3153.00,0.19852205,0
1505674135,21670385,3151.00,0.03000000,1
1505674131,21670381,3151.00,0.02230950,1
1505674129,21670379,3160.30,0.03429301,0
1505674124,21670372,3160.31,0.03094948,0
1505674114,21670362,3151.00,0.02934258,1
1505674113,21670361,3151.00,0.01927443,1
1505674113,21670360,3151.00,0.02233494,1
1505674107,21670357,3150.02,0.02939142,1
1505674105,21670349,3150.00,0.02957650,1
1505674105,21670347,3160.25,0.10426295,0
1505674104,21670342,3150.00,3.10073089,1
1505674104,21670341,3150.02,0.08496189,1
1505674103,21670340,3160.25,0.01242967,0
1505674102,21670336,3150.02,0.00085192,1
1505674102,21670335,3150.02,0.02615538,1
1505674095,21670315,3150.01,0.01389961,1
1505674067,21670281,3167.16,0.03869018,0
1505674066,21670280,3167.43,0.17316462,0
1505674066,21670279,3167.38,0.32000000,0
1505674066,21670278,3167.21,0.06555175,0
1505674066,21670277,3167.17,0.83584816,0
1505674064,21670276,3167.20,0.03072532,0
1505674044,21670266,3150.09,0.01100000,1
1505674025,21670260,3167.65,0.15238786,0
1505673922,21670210,3150.00,0.50000000,1
1505673901,21670167,3150.01,0.08280734,1
1505673901,21670166,3150.02,0.03000000,1
1505673900,21670162,3150.01,0.01521967,0
1505673899,21670161,3150.01,0.17162761,1
1505673898,21670160,3150.01,0.02634912,1
1505673896,21670157,3163.99,0.19019215,1
1505673895,21670153,3163.99,0.15306307,1
1505673891,21670141,3163.99,0.38037731,1
1505673889,21670134,3169.09,0.02276398,1
1505673889,21670132,3164.00,0.35761707,0
1505673888,21670125,3163.99,0.04344510,1
1505673887,21670122,3163.99,0.07642385,0
1505673885,21670115,3150.00,0.78671086,1
1505673885,21670113,3150.07,0.15025000,1
1505673841,21670060,3164.97,0.15025000,0
1505673807,21670028,3150.07,0.33948037,1
1505673806,21670027,3152.09,0.00288776,1
1505673804,21669983,3167.98,0.00976821,0
1505673796,21669970,3152.07,0.88480019,0
1505673796,21669969,3152.08,0.02475898,1
1505673784,21669941,3169.40,0.02917296,0
1505673764,21669918,3169.74,0.00283619,0
1505673757,21669899,3169.77,0.02415000,0
1505673744,21669862,3169.76,0.29750355,0
1505673725,21669824,3169.99,0.02894961,0
1505673723,21669812,3151.15,0.19734968,1
1505673722,21669806,3151.14,0.28471979,1
1505673721,21669801,3151.14,0.76190509,1
1505673721,21669800,3160.00,0.00577551,1
1505673721,21669798,3160.00,0.48023713,1
1505673719,21669788,3160.10,0.30170600,1
1505673709,21669762,3169.91,0.02607576,1
1505673707,21669752,3160.00,0.12097889,1
1505673707,21669751,3160.00,0.04987890,1
1505673706,21669750,3160.00,0.02615567,0
1505673706,21669747,3160.07,0.01241440,1
1505673706,21669746,3160.09,0.01155103,0
1505673704,21669743,3160.13,0.04804233,1
1505673681,21669713,3160.00,1.34890508,1
1505673645,21669668,3155.09,0.02105533,1
1505673640,21669649,3155.12,0.02630644,1
1505673629,21669622,3170.00,0.02607123,0
1505673629,21669621,3168.41,0.00000327,0
1505673629,21669619,3168.41,0.02336673,1
1505673626,21669617,3168.41,0.02343589,0
1505673626,21669616,3159.99,0.01780000,0
1505673626,21669615,3159.99,0.07833764,0
1505673625,21669612,3159.99,0.01652888,0
1505673623,21669606,3150.00,0.04682580,1
1505673623,21669605,3150.00,0.02500000,1
1505673623,21669604,3150.01,0.16000000,0
1505673623,21669603,3152.97,0.13000074,1
1505673622,21669602,3153.55,0.22406393,1
1505673622,21669600,3153.56,0.66599670,1
1505673622,21669599,3154.08,0.50000000,1
1505673621,21669598,3154.99,0.04415739,0
1505673621,21669597,3154.99,0.16000000,1
1505673621,21669596,3155.06,0.01780000,1
1505673621,21669595,3155.07,0.02615544,0
1505673616,21669593,3155.09,0.00382310,1
1505673563,21669520,3179.20,0.02952874,0
1505673558,21669517,3179.21,0.01535629,0
1505673557,21669515,3170.01,0.02343560,1
1505673557,21669514,3170.01,0.00156440,1
1505673555,21669512,3170.01,0.02448907,1
1505673548,21669507,3163.75,0.06932743,1
1505673547,21669506,3163.75,0.00160569,1
1505673547,21669505,3170.00,0.07906688,1
1505673546,21669500,3170.00,1.51208203,1
1505673543,21669495,3179.16,0.12338838,0
1505673543,21669494,3170.00,0.03500000,1
1505673537,21669489,3170.00,1.11935980,1
1505673537,21669488,3170.01,0.15000000,1
1505673525,21669469,3180.70,0.02963994,0
1505673511,21669461,3180.54,0.02840931,0
1505673511,21669460,3174.99,0.00134503,0
1505673510,21669459,3174.99,0.07004793,0
1505673509,21669457,3170.00,0.23000000,1
1505673509,21669456,3170.01,0.17000000,1
1505673498,21669453,3170.01,0.02015911,1
1505673492,21669449,3170.01,0.07387088,1
1505673483,21669422,3170.00,0.32983373,1
1505673481,21669421,3170.00,0.09152273,1
1505673481,21669419,3170.01,0.20000000,1
1505673481,21669418,3170.01,0.68924559,1
1505673458,21669410,3170.01,0.37940137,1
1505673458,21669409,3170.58,0.22000000,1
1505673458,21669408,3172.03,0.02568659,1
1505673458,21669407,3172.03,0.15539121,1
1505673458,21669406,3172.03,0.02598680,1
1505673407,21669390,3180.72,0.02386827,0
1505673373,21669374,3180.73,0.00000289,1
1505673373,21669371,3180.73,0.36215272,1
1505673368,21669366,3180.73,0.12201666,1
1505673368,21669364,3180.73,0.12182259,1
1505673364,21669361,3180.73,0.14107139,1
1505673360,21669349,3180.73,0.24374140,1
1505673339,21669330,3180.73,0.34432100,1
1505673338,21669328,3180.73,0.06316592,1
1505673333,21669326,3180.73,0.60238806,1
1505673323,21669311,3180.73,0.11284985,1
1505673318,21669305,3180.73,0.11284985,1
1505673316,21669302,3180.73,0.01471800,1
1505673313,21669297,3180.73,0.18010500,1
1505673312,21669293,3180.73,0.35848400,1
1505673309,21669285,3180.73,0.70448294,1
1505673304,21669284,3187.96,0.02207639,0
1505673283,21669275,3187.97,0.02592804,0
1505673249,21669254,3180.73,0.03015341,0
1505673247,21669251,3180.73,0.25995914,0
1505673247,21669250,3176.32,0.01060573,0
1505673232,21669243,3176.32,0.00986736,0
1505673230,21669242,3176.00,0.09195547,0
1505673229,21669241,3176.00,0.19312227,0
1505673229,21669240,3174.80,0.07243719,0
1505673208,21669215,3176.00,0.01563985,0
1505673196,21669203,3176.00,0.22746350,0
1505673196,21669202,3176.00,0.73526622,0
1505673196,21669201,3175.99,0.04231121,0
1505673184,21669186,3176.00,0.06728482,0
1505673184,21669185,3175.99,0.08462242,0
1505673173,21669169,3170.00,1.54173483,1
1505673173,21669168,3170.02,0.23000000,1
1505673172,21669165,3172.50,0.04377684,1
1505673172,21669164,3172.50,0.02600389,1
1505673172,21669163,3172.52,0.15848444,1
1505673166,21669159,3172.52,0.00251556,1
1505673154,21669114,3176.00,0.00293125,0
1505673152,21669113,3176.13,0.01569835,1
1505673152,21669112,3176.68,0.00586250,1
1505673152,21669111,3176.68,0.00479618,1
1505673149,21669107,3176.68,0.02120794,1
1505673136,21669103,3176.69,0.02600984,1
1505673136,21669102,3176.70,0.01172500,1
1505673125,21669097,3176.70,0.01895872,1
1505673125,21669096,3176.70,0.00698122,1
1505673125,21669095,3176.73,0.02345000,1
1505673125,21669094,3176.74,0.27000000,1
1505673108,21669075,3185.19,0.00200000,0
1505673099,21669072,3185.19,0.01000000,0
1505673069,21669061,3176.71,0.03157040,1
1505673065,21669023,3185.19,0.00866525,0
1505673038,21669000,3176.76,0.05204045,1
1505673027,21668989,3194.02,0.03094404,0
1505673021,21668978,3193.99,0.02587917,0
1505673020,21668971,3176.71,0.08997900,0
1505673018,21668968,3177.88,0.01002100,1
1505673016,21668962,3194.02,0.02587038,0
1505673015,21668955,3177.88,0.03997900,0
1505673012,21668942,3177.88,0.00000500,1
1505673011,21668939,3177.88,0.34999500,1
1505673006,21668920,3194.03,0.00452142,0
1505673006,21668919,3194.02,0.14000000,0
1505673004,21668916,3193.99,0.03390977,0
1505672999,21668909,3177.87,0.20921000,1
1505672993,21668897,3177.80,0.02385086,1
1505672993,21668896,3183.30,0.08454127,1
1505672993,21668895,3183.31,0.02596497,1
1505672990,21668880,3183.34,0.02500000,1
1505672985,21668876,3194.02,0.02587789,0
1505672983,21668874,3194.02,0.08289891,0
1505672983,21668873,3189.41,0.04647935,0
1505672983,21668872,3183.34,0.02000000,0
1505672980,21668865,3183.30,0.08187573,1
1505672979,21668864,3183.30,0.33358300,1
1505672963,21668845,3194.01,0.05141973,0
1505672952,21668835,3183.34,0.04859460,1
1505672948,21668831,3194.01,0.03517028,0
1505672947,21668825,3194.01,0.02927083,0
1505672945,21668821,3194.01,0.00872021,0
1505672941,21668818,3183.35,0.01212182,1
1505672937,21668815,3183.34,0.00793853,1
1505672930,21668803,3183.33,0.00826361,1
1505672924,21668792,3183.32,0.06954959,1
1505672919,21668788,3183.33,0.04284598,1
1505672917,21668784,3183.33,0.01007757,1
1505672906,21668772,3194.05,0.04746012,0
1505672891,21668718,3194.06,0.04413030,1
1505672891,21668717,3194.06,0.25909022,1
1505672890,21668711,3194.06,0.10532246,1
1505672888,21668703,3194.06,0.09145702,0
1505672885,21668693,3187.13,0.06112479,1
1505672880,21668669,3194.08,0.15932638,0
1505672878,21668660,3194.08,0.02587844,0
1505672877,21668656,3194.08,0.02587792,0
1505672876,21668647,3194.08,0.11164599,0
1505672875,21668645,3194.07,0.12000000,0
1505672875,21668644,3193.30,0.02587776,0
1505672871,21668622,3176.63,0.33795897,0
1505672871,21668620,3180.00,0.18006457,1
1505672870,21668617,3180.02,0.02587776,1
1505672870,21668614,3181.15,0.02593487,1
1505672870,21668609,3182.02,0.03485353,0
1505672869,21668606,3185.29,0.20587440,1
1505672869,21668603,3185.30,0.02591333,0
1505672867,21668597,3187.13,0.04158400,1
1505672867,21668596,3187.13,0.19174623,1
1505672864,21668581,3194.06,0.01025193,0
1505672863,21668574,3194.06,0.02585078,0
1505672860,21668562,3194.07,0.01498670,0
1505672860,21668559,3194.07,0.05145680,0
1505672858,21668551,3194.07,0.02585182,0
1505672855,21668530,3194.08,0.19266478,0
1505672854,21668529,3194.07,0.01293120,0
1505672832,21668482,3194.08,0.05025000,1
1505672832,21668481,3194.10,0.82501301,1
1505672832,21668480,3194.09,0.12000000,0
1505672830,21668479,3194.08,0.57665120,0
1505672829,21668478,3194.08,0.06990880,0
1505672828,21668476,3194.10,0.33614920,0
1505672828,21668475,3194.09,0.06028868,0
1505672826,21668471,3194.09,0.01510954,0
1505672825,21668470,3194.09,0.02873119,0
1505672825,21668469,3194.09,0.02587059,0
1505672814,21668431,3194.10,0.08010624,0
1505672813,21668429,3194.10,0.24609900,0
1505672812,21668428,3194.10,0.08053568,0
1505672809,21668424,3180.00,0.24078244,1
1505672808,21668423,3187.70,0.06899429,1
1505672808,21668422,3191.18,0.12522195,1
1505672807,21668420,3180.00,0.07915299,1
1505672807,21668419,3180.02,0.07000000,0
1505672807,21668418,3180.02,0.65884180,1
1505672807,21668417,3180.02,0.27000000,0
1505672806,21668416,3181.10,0.04399663,1
1505672806,21668414,3185.00,0.13649150,1
1505672806,21668413,3185.00,0.18524683,0
1505672806,21668411,3185.00,0.08038719,0
1505672806,21668410,3185.00,0.08038719,0
1505672805,21668409,3185.00,1.00635450,0
1505672805,21668408,3185.00,0.01743917,0
1505672804,21668405,3185.07,0.37000000,0
1505672804,21668403,3188.10,0.13680868,1
1505672804,21668400,3190.69,0.27000000,1
1505672803,21668399,3191.18,0.73000000,1
1505672803,21668398,3191.49,0.27000000,1
1505672803,21668394,3200.00,0.02600693,0
1505672803,21668390,3200.00,0.29644684,0
1505672802,21668388,3200.00,0.00167082,0
1505672802,21668387,3200.00,0.03780092,0
1505672801,21668386,3200.00,0.00167082,1
1505672801,21668385,3200.02,0.32849849,1
1505672800,21668382,3199.33,0.01209087,0
1505672800,21668379,3199.33,0.02578978,1
1505672800,21668375,3200.00,0.43145705,1
1505672800,21668373,3200.02,0.03066230,1
1505672797,21668369,3200.00,0.06854295,1
1505672797,21668368,3200.01,0.00334165,1
1505672794,21668347,3200.59,0.00668328,1
1505672792,21668342,3201.54,0.05398737,0
1505672792,21668340,3200.58,0.01217963,0
1505672791,21668337,3200.58,0.00200283,1
1505672791,21668334,3200.59,0.02581754,1
1505672774,21668311,3203.00,0.01436658,1
1505672774,21668310,3203.00,0.39166835,1
1505672764,21668307,3203.00,0.10833165,1
1505672749,21668302,3204.20,0.02560682,1
1505672745,21668299,3204.50,0.03512424,0
1505672744,21668298,3204.50,0.02873315,0
1505672742,21668296,3204.50,0.22227534,1
1505672733,21668292,3208.56,0.03080114,0
1505672715,21668241,3204.50,0.22089576,1
1505672705,21668223,3209.04,0.02859734,0
1505672677,21668213,3204.50,0.05682890,1
1505672670,21668202,3204.20,0.07439318,1
1505672669,21668201,3204.21,0.02574440,1
1505672665,21668199,3209.04,0.01873800,0
1505672659,21668189,3209.04,0.15700845,1
1505672644,21668175,3216.06,0.05529229,0
1505672644,21668174,3216.03,0.09429947,0
1505672641,21668173,3216.03,0.00570053,1
1505672640,21668172,3216.03,0.02000000,0
1505672639,21668171,3209.02,0.09000000,0
1505672629,21668166,3205.05,0.76501552,1
1505672624,21668161,3205.05,0.23498448,1
1505672624,21668160,3207.23,0.02565341,1
1505672623,21668159,3207.24,0.02575703,1
1505672609,21668148,3209.04,1.85718457,1
1505672594,21668132,3216.05,0.02570165,0
1505672586,21668129,3208.00,0.00208118,0
1505672585,21668125,3208.00,0.07441111,1
1505672584,21668124,3208.00,0.21564124,1
1505672584,21668123,3208.01,0.00416236,1
1505672584,21668122,3208.01,0.02575488,1
1505672575,21668118,3211.00,0.00497417,1
1505672574,21668115,3211.00,0.00335055,0
1505672571,21668111,3211.00,0.01664945,1
1505672571,21668110,3211.00,0.05000000,1
1505672567,21668107,3216.05,0.03461306,0
1505672560,21668099,3212.89,0.03329889,1
1505672560,21668098,3212.89,0.02570069,1
1505672555,21668090,3215.72,0.06659779,1
1505672550,21668087,3215.72,0.13319556,1
1505672550,21668086,3215.72,0.02565064,1
1505672534,21668082,3222.35,0.06210374,0
1505672526,21668063,3223.84,0.01818717,1
1505672525,21668062,3223.84,0.05297641,0
1505672524,21668060,3223.84,0.06702359,0
1505672524,21668059,3223.61,0.02574757,0
1505672524,21668058,3223.15,0.02575122,0
1505672524,21668057,3223.01,0.02562801,0
1505672524,21668056,3223.01,0.00770434,0
1505672519,21668046,3222.36,0.00216611,0
1505672513,21668031,3222.36,0.17701126,0
1505672511,21668028,3222.53,0.13426937,1
1505672511,21668026,3222.53,0.11995201,0
1505672511,21668025,3222.53,0.01216975,0
1505672508,21668023,3222.53,0.41283025,1
1505672505,21668020,3222.53,0.11995201,0
1505672504,21668017,3223.01,0.02562896,0
1505672501,21668015,3222.10,0.01427518,0
1505672501,21668014,3222.00,0.00366994,0
1505672501,21668013,3221.97,0.03782815,0
1505672489,21667992,3219.10,0.09996001,0
1505672478,21667965,3221.97,0.02564262,0
1505672477,21667964,3219.10,0.02571691,0
1505672477,21667963,3218.29,0.02579011,0
1505672477,21667962,3215.00,0.02000000,0
1505672477,21667961,3215.00,0.00698100,0
1505672477,21667960,3215.00,0.01423741,0
1505672471,21667953,3211.23,0.42724441,0
1505672463,21667946,3215.00,0.03045794,0
1505672451,21667938,3215.00,0.03075513,0
1505672445,21667931,3214.00,0.05406934,0
1505672403,21667878,3215.00,0.14685867,0
1505672393,21667868,3215.00,0.20000000,0
1505672393,21667867,3215.00,0.10983204,0
1505672364,21667855,3215.00,0.02628418,0
1505672349,21667839,3215.00,0.02568437,0
1505672349,21667838,3215.00,0.00156452,0
1505672346,21667832,3215.00,0.00312905,0
1505672344,21667831,3215.00,0.00625810,0
1505672341,21667829,3215.00,0.01251620,0
1505672338,21667825,3215.00,0.02503239,0
1505672334,21667819,3215.00,0.05006478,0
1505672330,21667817,3215.00,0.00362501,0
1505672330,21667816,3214.99,0.09650456,0
1505672327,21667815,3214.99,0.20025913,0
1505672324,21667811,3214.99,0.02568000,1
1505672324,21667808,3215.00,0.02927948,0
1505672323,21667806,3214.99,0.40051826,0
1505672303,21667694,3215.00,0.00303652,0
1505672298,21667671,3215.00,0.00607305,0
1505672297,21667666,3215.00,0.01214609,0
1505672290,21667655,3213.86,0.00272299,0
1505672290,21667654,3213.86,0.00727701,0
1505672268,21667642,3215.00,0.01841359,0
1505672268,21667641,3213.86,0.00728000,0
1505672268,21667637,3215.00,0.00727132,0
1505672266,21667636,3213.86,0.02376043,0
1505672263,21667634,3200.58,0.02376043,0
1505672261,21667632,3208.36,0.01000000,1
1505672253,21667623,3215.00,0.30519131,0
1505672235,21667606,3215.00,0.02570953,0
1505672234,21667605,3205.06,0.06130000,0
1505672225,21667594,3215.00,0.28854743,0
1505672150,21667562,3205.01,0.00282426,1
1505672132,21667542,3215.00,0.03067806,0
1505672128,21667540,3215.00,0.01991958,0
1505672125,21667538,3215.00,0.01017201,0
1505672108,21667508,3205.01,0.06130000,1
1505672105,21667506,3215.00,0.01637584,0
1505672104,21667505,3215.00,0.02927948,0
1505672094,21667500,3215.00,0.23829396,0
1505672093,21667499,3215.00,0.09382426,0
1505672092,21667498,3214.99,0.00642574,0
1505672091,21667497,3214.99,0.05825627,0
1505672066,21667477,3215.00,0.00282426,0
1505672065,21667476,3215.00,0.07666444,0
1505672065,21667475,3214.97,0.12936403,0
1505672062,21667470,3205.00,0.63153735,1
1505672062,21667469,3205.97,0.04600000,1
1505672045,21667464,3212.15,0.02572951,0
1505672044,21667462,3212.15,0.05511455,0
1505672044,21667461,3210.03,0.09651474,0
1505672026,21667458,3210.03,0.02925282,0
1505672024,21667453,3210.03,0.01162419,0
1505671993,21667424,3205.01,0.03550989,1
1505671993,21667423,3205.02,0.02579011,1
1505671987,21667420,3209.06,0.11657555,0
1505671974,21667417,3205.02,0.03813188,0
1505671974,21667416,3205.02,0.02579011,0
1505671959,21667397,3205.02,0.32946949,1
1505671959,21667395,3205.03,0.02571691,1
1505671955,21667387,3213.37,0.25124400,0
1505671944,21667353,3213.37,0.07535155,0
1505671937,21667347,3208.98,0.01000000,0
1505671923,21667338,3215.66,0.32011991,0
1505671923,21667337,3215.66,0.12000000,0
1505671917,21667328,3215.67,3.07256652,0
1505671915,21667325,3215.10,0.03100000,0
1505671906,21667315,3215.00,3.79544261,1
1505671888,21667310,3221.97,0.07017805,0
1505671886,21667307,3221.97,0.01162419,0
1505671884,21667306,3221.97,0.01958147,0
1505671879,21667295,3221.97,1.31660819,1
1505671876,21667293,3221.97,0.07000000,0
1505671873,21667289,3222.00,0.06471223,0
1505671871,21667287,3221.97,0.23971918,0
1505671863,21667280,3222.00,0.01725000,0
1505671856,21667263,3221.97,0.07529694,0
1505671853,21667258,3222.00,0.19436783,0
1505671853,21667257,3221.37,0.04101701,0
1505671851,21667241,3215.00,0.05614964,1
1505671850,21667238,3221.37,0.04898299,0
1505671850,21667235,3221.00,0.02307607,0
1505671850,21667232,3220.00,0.01794094,0
1505671850,21667227,3220.00,0.79717991,0
1505671850,21667225,3219.92,0.01794094,0
1505671844,21667185,3215.00,0.02427353,1
1505671810,21667161,3215.00,0.02401607,1
1505671808,21667160,3215.00,0.03100000,1
1505671803,21667159,3215.00,0.05515858,1
1505671803,21667158,3219.92,0.01004648,0
1505671803,21667157,3219.92,0.00324828,0
1505671791,21667134,3215.00,0.01395957,1
1505671785,21667132,3219.92,0.00988082,0
1505671785,21667131,3219.89,0.00458490,0
1505671783,21667130,3219.86,0.05858590,0
1505671768,21667121,3201.90,0.00285391,1
1505671765,21667119,3219.74,0.07018835,0
1505671709,21667066,3219.89,0.00635000,1
1505671707,21667064,3219.92,0.02811727,0
1505671705,21667063,3219.89,0.10000000,0
1505671694,21667048,3201.47,0.03100000,1
1505671674,21667040,3219.92,0.01367306,1
1505671674,21667039,3219.92,0.01198923,0
1505671671,21667036,3219.92,0.42548706,1
1505671671,21667035,3218.68,0.05284951,0
1505671670,21667034,3218.64,0.14000000,0
1505671670,21667033,3218.02,0.05722680,0
1505671665,21667028,3218.02,0.00488283,0
1505671665,21667027,3217.98,0.01010263,0
1505671664,21667026,3214.87,0.00006717,0
1505671653,21667024,3201.23,0.00939370,1
1505671653,21667022,3201.24,0.02577826,0
1505671651,21667018,3206.14,0.00482804,1
1505671650,21667015,3219.92,0.05872168,0
1505671650,21667013,3218.68,0.01081156,0
1505671648,21667012,3218.02,0.00698000,0
1505671640,21666996,3218.02,0.00819000,1
1505671638,21666995,3219.95,0.02567052,0
1505671629,21666987,3206.14,0.02000000,1
1505671626,21666980,3206.14,0.00217196,1
1505671624,21666972,3218.03,0.01325034,0
1505671583,21666933,3218.72,0.02155033,0
1505671578,21666924,3218.75,0.02568010,0
1505671577,21666923,3199.51,0.00298804,1
1505671577,21666922,3202.27,0.26696467,0
1505671574,21666918,3202.27,0.09844642,1
1505671574,21666917,3202.27,0.08849060,1
1505671572,21666916,3202.27,0.08067733,1
1505671572,21666915,3202.27,0.07766130,1
1505671572,21666914,3202.27,0.08487600,1
1505671571,21666910,3202.27,0.06984835,1
1505671571,21666909,3218.77,0.02567703,0
1505671569,21666901,3195.02,0.05946974,0
1505671568,21666898,3195.02,0.02749199,0
1505671568,21666897,3195.02,0.62204534,0
1505671568,21666896,3195.02,0.15000000,0
1505671567,21666894,3195.02,0.12504306,0
1505671566,21666891,3195.02,0.36523607,0
1505671565,21666888,3195.02,0.38000000,1
1505671565,21666887,3195.10,0.49865627,1
1505671564,21666884,3218.79,0.10526641,0
1505671559,21666851,3218.77,0.02565562,0
1505671557,21666834,3220.00,1.23355491,1
1505671556,21666833,3220.00,0.39764400,1
1505671556,21666829,3220.00,0.81512085,1
1505671556,21666828,3220.00,0.07750794,1
1505671555,21666818,3220.00,0.03136330,1
1505671554,21666814,3220.00,2.07298931,1
1505671554,21666810,3220.00,2.85308642,1
1505671553,21666807,3221.00,0.00318069,1
1505671553,21666803,3221.00,0.02245939,0
1505671553,21666801,3220.00,0.25124400,1
1505671552,21666798,3220.00,2.00000000,1
1505671551,21666793,3220.00,0.03000000,1
1505671550,21666791,3220.00,0.01244873,1
1505671550,21666790,3220.00,0.17000000,1
1505671550,21666788,3220.00,0.19159266,0
1505671550,21666787,3220.00,0.00999000,0
1505671550,21666786,3219.50,2.00000000,0
1505671550,21666785,3219.49,0.30000000,0
1505671549,21666784,3217.65,0.06236667,0
1505671549,21666783,3216.47,0.02580469,0
1505671549,21666782,3216.13,0.50000000,0
1505671549,21666781,3215.85,0.02580963,0
1505671549,21666780,3215.52,0.00000769,0
1505671549,21666778,3215.27,0.02581298,0
1505671549,21666776,3214.39,0.01434383,0
1505671549,21666774,3214.39,0.01147759,0
1505671549,21666773,3213.53,0.00936432,0
1505671549,21666772,3213.49,0.17000000,0
1505671548,21666771,3213.42,0.15372407,0
1505671548,21666770,3213.41,0.01863508,0
1505671540,21666760,3213.42,0.15372579,0
1505671520,21666755,3206.13,0.00633000,1
1505671516,21666751,3212.75,0.02572781,0
1505671512,21666740,3192.98,0.06100000,1
1505671508,21666736,3206.13,0.00285391,0
1505671507,21666735,3192.97,0.32260525,1
1505671502,21666729,3213.50,0.00007712,1
1505671501,21666723,3212.78,0.03087288,1
1505671483,21666704,3212.80,0.00931769,0
1505671444,21666675,3213.28,0.40000000,0
1505671403,21666616,3213.41,0.02145000,0
1505671395,21666610,3213.45,0.15489535,0
1505671386,21666604,3213.15,0.08949428,0
1505671384,21666602,3213.18,0.01798544,0
1505671381,21666598,3206.42,0.13871546,1
1505671373,21666589,3213.40,0.02572195,0
1505671369,21666588,3213.53,0.02572155,0
1505671368,21666580,3213.53,0.05129918,0
1505671368,21666578,3213.53,0.05000000,1
1505671367,21666574,3213.48,0.02582876,0
1505671367,21666573,3213.48,0.02247768,0
1505671367,21666572,3213.48,0.00335108,0
1505671367,21666571,3213.15,0.02583140,0
1505671367,21666570,3213.15,0.14980355,1
1505671366,21666569,3212.15,0.02583941,0
1505671366,21666568,3210.15,0.00081427,0
1505671366,21666566,3210.15,0.02500000,0
1505671365,21666565,3209.57,0.02584493,0
1505671365,21666564,3209.49,0.00047507,0
1505671365,21666563,3209.49,0.02536110,0
1505671364,21666562,3209.27,0.04000000,0
1505671364,21666561,3209.26,1.70000000,1
1505671364,21666560,3208.79,0.02584168,0
1505671364,21666559,3208.54,0.02586833,0
1505671363,21666558,3206.58,0.16534550,0
1505671363,21666557,3206.58,0.01465450,0
1505671363,21666556,3200.63,0.02191372,0
1505671363,21666555,3200.63,0.00396000,0
1505671361,21666554,3200.00,0.25924827,0
1505671339,21666520,3200.00,0.15348943,0
1505671325,21666508,3200.00,0.32324890,0
1505671292,21666483,3200.00,0.02580963,0
1505671291,21666481,3200.00,0.09482631,0
1505671290,21666480,3199.27,0.02540493,0
1505671290,21666479,3199.27,0.00053855,0
1505671290,21666478,3199.00,0.00016292,0
1505671289,21666477,3199.00,0.11684112,0
1505671274,21666464,3199.00,0.24519461,0
1505671274,21666462,3198.93,0.03061018,1
1505671272,21666461,3198.88,0.03061018,0
1505671244,21666454,3199.00,0.02190629,0
1505671244,21666453,3198.91,0.03706292,0
1505671211,21666444,3186.12,0.06100000,1
1505671201,21666436,3198.89,0.00312708,0
1505671183,21666432,3197.84,0.02548502,0
1505671153,21666416,3186.14,0.06100000,1
1505671126,21666406,3199.00,0.02871887,0
1505671126,21666405,3198.99,0.04475080,0
1505671126,21666404,3198.78,0.07412583,0
1505671124,21666403,3198.96,0.04092112,0
1505671108,21666400,3198.89,0.02919012,0
1505671093,21666395,3198.92,0.01775255,0
1505671092,21666394,3186.10,0.06100000,1
1505671083,21666393,3198.93,0.01317301,0
1505671034,21666373,3186.04,0.06100000,1
1505671029,21666369,3199.00,0.00867422,0
1505671028,21666367,3198.90,0.01331200,0
1505671028,21666364,3199.00,0.11802044,0
1505671026,21666359,3199.00,0.05188695,0
1505671026,21666358,3198.95,0.01822117,0
1505671022,21666354,3186.06,0.05066494,1
1505671006,21666339,3186.13,0.03000000,1
1505670980,21666315,3198.62,0.19277300,0
1505670979,21666313,3198.70,0.03830764,0
1505670975,21666312,3186.03,0.01559507,1
1505670975,21666311,3186.04,0.01000000,1
1505670975,21666310,3186.04,0.02540493,1
1505670975,21666309,3190.00,0.01000000,1
1505670935,21666274,3198.84,0.02583941,0
1505670934,21666271,3186.04,0.00053855,0
1505670933,21666268,3186.04,0.00946145,0
1505670926,21666251,3199.00,0.01880858,0
1505670887,21666225,3200.00,0.14337746,0
1505670887,21666224,3200.00,0.03295623,0
1505670885,21666223,3198.99,0.12998614,0
1505670883,21666221,3198.99,0.03001386,0
1505670865,21666214,3198.99,0.10760213,0
1505670857,21666172,3200.00,0.13716377,0
1505670857,21666171,3200.00,0.04017373,0
1505670857,21666170,3199.96,0.18000000,0
1505670855,21666169,3199.00,0.01677227,0
1505670853,21666168,3186.06,0.06100000,1
1505670823,21666156,3199.00,0.03222773,0
1505670788,21666121,3188.85,0.01000000,1
1505670785,21666118,3198.93,0.02868745,0
1505670766,21666073,3186.06,0.07980336,1
1505670764,21666071,3199.99,0.03186642,0
1505670764,21666070,3199.98,0.01231678,0
1505670753,21666064,3199.99,0.00625484,0
1505670751,21666063,3199.98,0.02463356,0
1505670744,21666058,3199.73,0.02942316,0
1505670705,21666043,3199.99,0.10193282,0
1505670705,21666042,3199.99,0.04926711,0
1505670697,21666038,3200.00,0.02582876,0
1505670696,21666037,3200.00,0.07816875,0
1505670695,21666036,3199.99,0.22000000,0
1505670695,21666035,3199.70,0.02593910,0
1505670695,21666034,3199.67,0.05000000,1
1505670692,21666026,3199.67,0.04160378,1
