date,tid,price,amount,type
1505692852,21687795,3665.00,1.00000000,0
1505692850,21687793,3664.99,1.24463700,0
1505692840,21687773,3664.65,0.87784103,0
1505692833,21687751,3663.76,0.15641660,0
1505692829,21687749,3663.76,0.01031554,0
1505692817,21687746,3663.76,0.03429908,0
1505692812,21687745,3663.76,0.01857604,0
1505692812,21687744,3663.76,0.03439274,0
1505692810,21687743,3659.42,0.22500000,0
1505692804,21687739,3662.95,0.00313305,0
1505692798,21687729,3662.99,0.14148119,0
1505692798,21687727,3660.61,0.21583426,0
1505692798,21687726,3658.60,0.05642435,0
1505692798,21687725,3658.60,0.01857565,0
1505692795,21687724,3660.61,0.03783974,0
1505692758,21687715,3660.61,0.02132600,0
1505692730,21687714,3660.97,0.28706544,0
1505692725,21687712,3660.00,0.26108064,1
1505692725,21687711,3660.00,0.75002248,1
1505692725,21687710,3663.52,0.44836400,0
1505692716,21687707,3663.49,0.83640585,0
1505692715,21687706,3662.00,0.20630112,0
1505692712,21687705,3662.00,0.12653476,0
1505692708,21687703,3662.00,0.66716412,0
1505692702,21687702,3663.52,0.52944552,0
1505692698,21687701,3663.52,0.05534114,0
1505692690,21687690,3663.52,0.67315996,0
1505692678,21687687,3663.52,0.01030000,0
1505692669,21687686,3663.52,0.16608742,0
1505692669,21687685,3663.52,1.35843252,0
1505692653,21687682,3663.52,0.00621284,0
1505692646,21687680,3663.52,1.35864369,0
1505692624,21687669,3666.23,1.38872844,0
1505692618,21687668,3663.98,0.21819307,0
1505692607,21687664,3665.00,0.77378060,0
1505692591,21687659,3664.77,0.26500000,0
1505692581,21687645,3660.00,0.02270030,1
1505692569,21687634,3660.00,0.02270030,1
1505692561,21687621,3663.91,0.02196600,0
1505692555,21687601,3665.00,0.11312960,0
1505692552,21687592,3665.00,0.11308980,0
1505692547,21687590,3667.97,0.49130122,0
1505692542,21687584,3667.97,0.03389220,0
1505692542,21687583,3667.97,0.00806000,0
1505692537,21687582,3667.99,0.01010000,0
1505692532,21687572,3667.98,0.01010000,0
1505692527,21687569,3669.03,0.01010000,0
1505692526,21687565,3669.05,0.40784399,0
1505692524,21687561,3669.06,0.20777586,0
1505692524,21687560,3668.28,0.00043592,0
1505692524,21687559,3668.09,0.06236754,0
1505692522,21687557,3668.09,0.01010000,0
1505692517,21687556,3668.09,0.02019446,0
1505692517,21687555,3664.82,0.00000554,0
1505692513,21687549,3660.46,0.01431800,1
1505692512,21687548,3664.82,0.33399446,0
1505692508,21687543,3668.09,0.00900000,0
1505692507,21687542,3668.09,0.06906048,0
1505692507,21687541,3668.09,0.01010000,0
1505692501,21687532,3668.09,0.01010000,0
1505692497,21687529,3668.09,0.00230694,0
1505692496,21687528,3665.91,0.00779306,0
1505692491,21687526,3665.91,0.02020000,0
1505692482,21687522,3665.91,0.01010000,0
1505692477,21687520,3665.91,0.01010000,0
1505692468,21687512,3665.91,0.03009236,0
1505692467,21687511,3665.91,0.01010000,0
1505692463,21687504,3665.91,0.30703269,0
1505692462,21687503,3665.91,0.02020000,0
1505692456,21687496,3665.91,0.01010000,0
1505692450,21687492,3665.91,0.01028189,0
1505692449,21687491,3665.02,0.04500000,0
1505692371,21687434,3668.09,0.27530286,0
1505692371,21687431,3668.11,1.00358869,0
1505692357,21687410,3660.07,0.02267716,1
1505692356,21687404,3668.28,0.02219067,1
1505692354,21687400,3668.25,0.18251157,0
1505692352,21687399,3668.33,0.01537751,0
1505692352,21687397,3666.75,0.07363367,0
1505692341,21687388,3666.75,0.01186215,0
1505692305,21687368,3666.75,0.00267948,0
1505692291,21687351,3666.75,0.26482470,0
1505692270,21687329,3660.01,0.00271206,1
1505692263,21687321,3669.59,0.39200270,0
1505692237,21687312,3668.79,0.40773509,0
1505692230,21687307,3660.00,0.02267759,1
1505692230,21687306,3660.00,0.12861067,1
1505692225,21687303,3669.93,0.09518772,0
1505692225,21687302,3668.95,0.02595563,0
1505692225,21687301,3668.93,0.06869888,0
1505692222,21687296,3668.95,0.41333900,0
1505692219,21687295,3668.95,0.16729919,0
1505692219,21687294,3668.92,0.02262332,0
1505692218,21687293,3668.95,0.01840618,0
1505692205,21687280,3668.85,0.13737499,0
1505692205,21687279,3668.85,0.12857782,0
1505692197,21687277,3660.00,0.05328866,1
1505692196,21687270,3662.70,0.02251134,1
1505692194,21687265,3668.58,0.04100831,0
1505692194,21687264,3668.58,0.02248150,0
1505692188,21687257,3668.70,0.47665734,0
1505692188,21687256,3664.60,0.00000500,0
1505692183,21687249,3664.60,0.51432100,0
1505692180,21687242,3664.60,0.02267400,0
1505692170,21687237,3664.60,0.00200000,0
1505692140,21687225,3667.63,0.01775064,0
1505692134,21687216,3662.83,0.10000000,0
1505692113,21687203,3669.99,0.00505000,0
1505692109,21687191,3669.99,0.63214706,0
1505692108,21687186,3669.99,0.02246100,0
1505692098,21687162,3669.99,0.73542198,0
1505692092,21687160,3668.23,0.64300000,0
1505692086,21687156,3670.00,1.67929739,0
1505692086,21687155,3669.99,2.68344600,0
1505692074,21687144,3662.80,0.02000000,1
1505692073,21687142,3669.99,0.01235400,0
1505692063,21687123,3669.99,0.00500000,0
1505692062,21687122,3662.74,0.10000000,1
1505692062,21687121,3662.74,0.10782951,1
1505692061,21687120,3662.77,0.70217049,1
1505692053,21687117,3669.98,0.57731200,1
1505692044,21687108,3667.29,0.10000000,1
1505692042,21687106,3670.00,0.02247019,0
1505692038,21687104,3672.00,0.98758602,1
1505692037,21687101,3667.34,0.02263251,1
1505692027,21687083,3677.75,0.03269710,0
1505692011,21687072,3674.39,0.86020800,0
1505692011,21687070,3674.36,0.10000000,0
1505691990,21687058,3674.39,0.13979200,0
1505691981,21687054,3677.75,0.62983584,0
1505691975,21687050,3674.36,0.12000000,1
1505691972,21687041,3677.75,0.02244613,0
1505691972,21687040,3674.42,0.10000000,1
1505691965,21687037,3674.36,0.66000000,1
1505691964,21687031,3677.17,2.69570000,1
1505691959,21687024,3675.73,1.26800000,0
1505691959,21687023,3674.99,5.00000000,0
1505691959,21687022,3671.72,0.31921964,0
1505691955,21687012,3671.39,1.12300000,0
1505691954,21687011,3671.38,2.70160000,0
1505691954,21687009,3670.40,0.30559542,0
1505691954,21687008,3670.00,0.50000000,0
1505691954,21687007,3665.33,0.10000000,0
1505691951,21687003,3667.37,0.51500000,0
1505691951,21687002,3667.05,1.40400000,0
1505691947,21687001,3666.11,0.07519700,1
1505691944,21686998,3666.05,1.19006000,0
1505691944,21686997,3666.04,0.00012498,0
1505691937,21686996,3666.05,0.04994000,0
1505691925,21686986,3666.05,0.02000000,0
1505691922,21686985,3662.68,0.10000000,1
1505691918,21686984,3663.02,0.54800000,0
1505691918,21686983,3662.71,0.59590799,0
1505691909,21686981,3659.69,0.10000000,1
1505691906,21686978,3662.71,0.25327695,0
1505691889,21686971,3662.71,0.11190020,0
1505691886,21686969,3662.71,0.19331944,0
1505691885,21686968,3661.70,0.10000000,1
1505691884,21686967,3661.70,0.20958540,0
1505691883,21686963,3661.70,0.09010144,0
1505691878,21686957,3661.70,0.77731316,0
1505691871,21686953,3656.93,0.10000000,1
1505691815,21686937,3661.69,0.01833300,0
1505691780,21686930,3662.71,0.14559542,0
1505691777,21686924,3662.70,0.51967526,0
1505691771,21686918,3662.38,0.02000000,1
1505691769,21686917,3662.38,0.80423700,0
1505691757,21686912,3662.35,0.78000000,0
1505691752,21686905,3658.37,0.48287300,0
1505691749,21686904,3658.37,0.00989000,0
1505691748,21686902,3658.04,0.65041045,0
1505691746,21686901,3658.04,0.11684418,0
1505691739,21686900,3658.04,0.00989000,0
1505691734,21686898,3658.04,0.00988000,0
1505691732,21686897,3658.04,0.01021537,0
1505691730,21686896,3658.04,0.00988000,0
1505691725,21686895,3658.04,0.00988000,0
1505691724,21686894,3658.36,0.38300000,1
1505691710,21686893,3658.37,0.10747400,0
1505691708,21686892,3658.37,0.49276300,0
1505691681,21686885,3658.36,0.02269868,0
1505691670,21686881,3654.03,1.33000000,0
1505691668,21686880,3654.03,0.02000000,0
1505691655,21686877,3656.73,0.61000000,0
1505691647,21686871,3647.70,0.02275406,1
1505691645,21686870,3647.70,1.10360358,1
1505691644,21686869,3656.73,0.02269787,1
1505691630,21686857,3656.73,1.00000000,0
1505691618,21686810,3647.66,4.40000000,1
1505691616,21686805,3646.39,0.02276223,0
1505691613,21686804,3656.73,0.03818985,0
1505691611,21686797,3646.39,2.66732711,1
1505691611,21686796,3646.53,0.00014920,1
1505691611,21686795,3646.53,0.02248948,1
1505691611,21686794,3648.47,0.02264208,1
1505691610,21686793,3649.00,1.00000000,1
1505691610,21686791,3650.00,0.04477260,1
1505691610,21686790,3650.00,11.20315643,1
1505691610,21686789,3650.00,0.00689637,0
1505691608,21686781,3650.01,0.43256673,1
1505691605,21686762,3662.08,0.70000000,0
1505691592,21686741,3654.00,0.02271483,0
1505691576,21686734,3650.00,3.00000000,1
1505691570,21686733,3650.00,1.00000000,1
1505691568,21686732,3650.00,1.00000000,1
1505691567,21686731,3653.76,0.02000000,1
1505691565,21686730,3650.00,1.00000000,1
1505691559,21686729,3650.00,0.57000000,1
1505691559,21686728,3650.00,0.54000000,1
1505691559,21686727,3653.77,0.00410000,0
1505691558,21686726,3650.00,0.02273972,1
1505691557,21686725,3650.00,0.91000000,1
1505691555,21686723,3650.00,0.75410385,1
1505691555,21686722,3650.00,0.02000000,1
1505691555,21686721,3650.00,0.00510000,1
1505691555,21686720,3650.01,0.18000000,1
1505691554,21686719,3650.27,0.00012139,1
1505691554,21686718,3650.27,0.00011111,1
1505691554,21686717,3650.27,0.02236889,1
1505691554,21686716,3651.06,0.20000000,1
1505691553,21686715,3652.00,0.01124236,1
1505691553,21686714,3653.75,0.02258257,1
1505691553,21686713,3653.92,0.00014413,1
1505691553,21686712,3653.92,0.02244963,1
1505691552,21686710,3654.00,0.50000000,1
1505691552,21686708,3654.00,0.20000000,0
1505691552,21686705,3655.00,0.27031294,1
1505691550,21686704,3655.50,0.00200000,1
1505691550,21686703,3656.40,0.02257053,1
1505691550,21686702,3657.00,0.25000000,1
1505691549,21686701,3657.44,0.02255434,1
1505691549,21686700,3659.00,0.95734429,1
1505691549,21686699,3659.00,1.53373326,1
1505691548,21686698,3659.00,0.02268379,1
1505691545,21686688,3659.31,0.02255257,1
1505691545,21686687,3659.60,0.02254466,1
1505691545,21686685,3660.00,0.03000000,1
1505691544,21686684,3660.15,0.00271846,1
1505691544,21686682,3660.19,0.02255532,1
1505691531,21686675,3661.57,0.57712884,1
1505691526,21686669,3661.57,0.02000000,1
1505691513,21686659,3661.57,1.00000000,1
1505691501,21686645,3661.57,1.00000000,1
1505691489,21686610,3661.57,1.00000000,1
1505691483,21686602,3661.58,0.51650408,1
1505691465,21686593,3667.21,0.01400000,0
1505691437,21686591,3666.87,0.03218435,1
1505691435,21686590,3665.78,0.06031187,0
1505691429,21686588,3661.57,1.99900000,1
1505691422,21686587,3665.78,0.00577095,0
1505691394,21686579,3661.57,9.90270000,1
1505691390,21686576,3661.57,9.00000000,1
1505691383,21686569,3661.57,1.00000000,1
1505691381,21686567,3661.57,1.00000000,1
1505691379,21686566,3665.00,0.09700000,0
1505691372,21686565,3665.00,0.06298377,0
1505691371,21686564,3665.00,0.00000062,0
1505691368,21686561,3665.00,3.16445538,1
1505691364,21686560,3665.00,10.10000000,1
1505691359,21686559,3665.78,0.00600000,0
1505691356,21686558,3665.00,0.06000000,1
1505691353,21686556,3665.00,0.02266933,1
1505691333,21686551,3665.00,0.13682661,1
1505691307,21686544,3665.78,0.03400000,0
1505691284,21686539,3665.78,0.00168406,0
1505691281,21686538,3665.78,1.04206413,0
1505691280,21686537,3665.78,0.03101932,0
1505691269,21686536,3665.00,2.13153126,1
1505691254,21686534,3665.00,0.09830450,1
1505691244,21686530,3665.78,0.05758336,0
1505691239,21686528,3665.78,0.03598922,0
1505691199,21686518,3665.78,0.02557709,0
1505691161,21686505,3665.00,0.04987176,1
1505691160,21686504,3665.00,4.23634116,0
1505691131,21686496,3665.00,0.07910958,0
1505691116,21686490,3661.57,0.48374978,1
1505691112,21686489,3665.00,0.02158453,0
1505691110,21686488,3665.00,0.01332967,0
1505691092,21686486,3665.00,0.01332967,0
1505691090,21686485,3661.57,0.00804000,1
1505691087,21686484,3665.00,0.00425877,0
1505691059,21686446,3661.97,0.02274800,1
1505691046,21686437,3661.97,0.03831158,1
1505691041,21686436,3665.00,0.00316384,0
1505691032,21686434,3661.97,0.02679615,1
1505691015,21686426,3661.97,0.05360000,1
1505690986,21686416,3661.97,0.00665491,1
1505690982,21686415,3661.97,0.44000000,1
1505690971,21686410,3665.00,0.48395931,0
1505690929,21686383,3665.00,0.02000000,0
1505690917,21686380,3665.00,0.33000000,0
1505690896,21686369,3661.57,0.01668479,1
1505690890,21686351,3664.89,0.01452377,0
1505690875,21686346,3664.92,0.04740736,0
1505690865,21686340,3664.98,0.06235280,0
1505690835,21686332,3661.57,1.00000000,1
1505690832,21686330,3661.57,1.00000000,1
1505690823,21686326,3662.93,0.05719959,0
1505690823,21686325,3662.93,0.00000050,0
1505690823,21686323,3661.57,0.27365322,1
1505690822,21686319,3662.93,0.02060000,1
1505690822,21686318,3665.00,6.55907150,1
1505690820,21686316,3665.00,1.00000000,1
1505690819,21686314,3665.00,0.02530641,1
1505690818,21686313,3665.00,1.00000000,1
1505690817,21686312,3665.00,1.00000000,0
1505690817,21686311,3664.97,0.41562209,0
1505690807,21686306,3665.88,0.57452832,1
1505690806,21686305,3665.00,2.65901430,1
1505690800,21686302,3665.00,9.00000000,1
1505690796,21686301,3668.16,0.01657467,0
1505690761,21686294,3665.00,0.05467961,1
1505690749,21686288,3668.96,0.00385852,0
1505690733,21686276,3668.96,0.02060000,0
1505690730,21686271,3665.00,2.27842000,1
1505690730,21686269,3665.00,0.00189000,1
1505690716,21686260,3665.00,0.00599609,1
1505690669,21686231,3669.31,0.01414812,0
1505690649,21686220,3661.57,71.21904337,1
1505690649,21686219,3661.58,8.09790000,1
1505690649,21686218,3662.00,0.16198724,1
1505690647,21686216,3669.22,0.00534173,1
1505690647,21686215,3667.93,0.23375769,0
1505690645,21686214,3662.93,0.01383402,0
1505690642,21686212,3662.03,0.02266521,1
1505690633,21686210,3669.26,0.05036347,0
1505690626,21686209,3662.93,0.01371323,1
1505690626,21686208,3664.14,0.02253034,1
1505690626,21686207,3664.61,0.00012382,1
1505690626,21686206,3664.61,0.02240451,1
1505690626,21686205,3664.78,0.02252729,1
1505690626,21686204,3664.79,0.00040455,1
1505690615,21686201,3669.31,0.01618067,0
1505690600,21686184,3669.28,0.60704312,0
1505690597,21686182,3669.31,0.06654414,0
1505690596,21686181,3664.79,0.02211699,1
1505690596,21686180,3665.00,0.01096209,1
1505690591,21686168,3669.32,0.03591393,0
1505690589,21686155,3669.00,0.19784376,0
1505690582,21686137,3669.11,0.09809800,0
1505690572,21686130,3669.24,0.02005655,0
1505690561,21686126,3665.00,0.09158520,1
1505690561,21686125,3665.00,9.91527988,1
1505690561,21686123,3665.05,0.13013492,1
1505690561,21686122,3665.06,1.11300000,1
1505690554,21686114,3669.32,0.01500000,0
1505690548,21686113,3669.32,0.07187148,0
1505690536,21686110,3669.32,0.11097228,0
1505690512,21686096,3669.98,0.06481777,0
1505690510,21686094,3669.98,0.20000000,0
1505690506,21686093,3665.00,0.08472012,1
1505690492,21686088,3669.98,0.07775200,0
1505690490,21686087,3666.02,1.99900000,1
1505690476,21686083,3666.02,0.08166228,1
1505690465,21686082,3666.02,0.00271124,1
1505690462,21686080,3672.45,0.11037119,0
1505690459,21686077,3672.48,0.00898421,0
1505690456,21686076,3672.48,0.21344301,0
1505690455,21686075,3666.02,0.07969977,1
1505690454,21686074,3672.48,0.00734494,0
1505690454,21686073,3669.90,0.02539167,0
1505690452,21686069,3666.02,0.00080258,1
1505690452,21686068,3666.39,0.01674243,1
1505690451,21686067,3669.90,0.15440470,0
1505690450,21686066,3669.90,0.04166123,0
1505690445,21686062,3669.90,0.01350000,0
1505690439,21686058,3669.90,0.05909283,0
1505690433,21686057,3669.98,0.19736902,0
1505690432,21686052,3666.39,0.00643000,1
1505690431,21686051,3666.39,0.00682757,1
1505690423,21686048,3670.00,0.08946868,0
1505690422,21686047,3670.00,0.07668075,0
1505690405,21686044,3670.00,0.01526484,0
1505690399,21686043,3670.00,0.03400000,0
1505690396,21686041,3666.44,0.01410853,1
1505690395,21686039,3670.00,0.20802972,0
1505690384,21686036,3673.02,1.42726507,1
1505690382,21686035,3673.02,0.07917415,0
1505690382,21686034,3673.02,0.06109116,0
1505690373,21686033,3666.44,0.07939620,0
1505690358,21686026,3665.01,5.17991593,1
1505690358,21686025,3666.44,5.48000000,1
1505690358,21686024,3668.96,5.29310000,1
1505690357,21686023,3671.11,5.10000000,1
1505690357,21686022,3671.14,0.94698407,1
1505690341,21685997,3671.14,0.02648348,1
1505690313,21685995,3670.04,1.06677811,0
1505690310,21685994,3670.04,0.01600000,0
1505690309,21685993,3669.86,0.91042789,0
1505690308,21685992,3669.86,0.03589572,0
1505690301,21685991,3669.58,0.08190652,0
1505690294,21685990,3669.58,0.03398754,0
1505690291,21685989,3669.58,0.07097981,0
1505690288,21685988,3668.99,0.02653245,1
1505690284,21685987,3669.58,0.05380252,0
1505690283,21685985,3669.58,0.05000000,0
1505690275,21685984,3669.58,0.00400000,0
1505690258,21685980,3669.58,0.16386739,0
1505690254,21685979,3665.00,0.02264665,0
1505690251,21685976,3665.00,3.77696470,1
1505690251,21685974,3665.00,0.05000000,1
1505690251,21685973,3665.00,1.01651677,1
1505690251,21685972,3665.10,0.02252148,1
1505690251,21685971,3665.19,0.02252319,1
1505690251,21685970,3665.25,0.01147386,1
1505690251,21685969,3665.50,0.10000000,1
1505690250,21685968,3669.58,0.10000000,0
1505690249,21685967,3665.25,0.00206144,1
1505690249,21685966,3665.25,0.00900000,1
1505690249,21685965,3665.44,0.00010289,1
1505690249,21685964,3665.44,0.02244759,1
1505690248,21685962,3665.50,0.00452130,1
1505690241,21685951,3669.58,0.01000000,0
1505690235,21685945,3669.58,0.53641381,0
1505690231,21685931,3669.58,0.05282189,0
1505690228,21685923,3669.58,0.07922052,0
1505690228,21685921,3666.33,0.02077948,0
1505690222,21685909,3666.33,0.02700000,0
1505690221,21685906,3670.00,0.03011560,0
1505690214,21685884,3670.00,10.00000000,1
1505690214,21685883,3670.00,9.82819980,1
1505690207,21685879,3670.00,0.11933000,1
1505690206,21685878,3670.00,0.04087020,1
1505690204,21685877,3670.04,0.03300000,0
1505690197,21685871,3670.00,0.01160000,0
1505690196,21685870,3670.00,9.98840000,1
1505690191,21685869,3670.00,0.01160000,1
1505690182,21685868,3670.00,10.00000000,1
1505690176,21685866,3670.04,0.27122189,0
1505690158,21685864,3665.50,0.01800000,1
1505690158,21685863,3665.50,0.00200000,1
1505690145,21685862,3670.00,1.88081502,1
1505690145,21685861,3670.00,0.80000000,1
1505690143,21685860,3670.00,0.28550217,1
1505690142,21685859,3670.00,7.03368281,1
1505690142,21685858,3670.00,1.96631719,1
1505690132,21685857,3670.00,0.00499000,1
1505690125,21685856,3674.29,0.09465701,0
1505690103,21685846,3670.00,0.00716848,1
1505690100,21685844,3670.00,1.99900000,1
1505690086,21685843,3670.00,0.05434583,1
1505690069,21685840,3675.03,0.07181676,0
1505690051,21685839,3675.03,0.05492375,0
1505690045,21685837,3675.99,0.25238437,1
1505690005,21685832,3676.86,0.00357115,0
1505689939,21685784,3670.00,0.19635616,1
1505689930,21685779,3672.10,0.01619566,0
1505689923,21685777,3670.00,0.01467719,1
1505689922,21685776,3670.00,1.00000000,1
1505689921,21685775,3672.13,0.07179417,0
1505689920,21685772,3670.00,1.00000000,1
1505689916,21685770,3670.00,0.01092207,1
1505689916,21685769,3672.13,0.02484099,0
1505689910,21685764,3672.13,0.04000000,0
1505689906,21685759,3670.00,3.74622308,1
1505689906,21685757,3670.00,0.32377692,1
1505689896,21685756,3670.00,9.10000000,1
1505689891,21685755,3670.62,0.01030000,1
1505689879,21685754,3675.17,0.00857788,1
1505689867,21685748,3673.04,0.01548963,1
1505689866,21685747,3675.24,0.02246033,0
1505689857,21685741,3672.70,0.01500000,0
1505689847,21685736,3672.76,0.02763101,0
1505689847,21685735,3670.00,0.19776120,1
1505689840,21685733,3670.62,0.00200000,0
1505689832,21685732,3670.00,0.00595559,1
1505689832,21685731,3670.00,0.01552865,1
1505689832,21685730,3670.00,0.02049524,1
1505689817,21685729,3670.00,0.02000000,1
1505689811,21685727,3670.62,0.02233554,0
1505689806,21685723,3665.73,0.31648240,0
1505689805,21685722,3665.74,0.01351760,1
1505689803,21685717,3670.00,0.02580911,0
1505689802,21685715,3670.00,2.08860447,1
1505689801,21685714,3670.00,4.00000000,1
1505689800,21685713,3668.06,3.88875345,0
1505689800,21685712,3668.05,0.02264208,0
1505689799,21685710,3668.02,0.06197869,0
1505689796,21685704,3665.61,0.00012140,0
1505689793,21685700,3665.63,0.02248430,0
1505689793,21685699,3665.63,0.02248252,0
1505689792,21685697,3665.63,0.02253028,1
1505689792,21685696,3665.64,0.02252154,1
1505689788,21685695,3665.68,0.00011217,0
1505689787,21685694,3668.06,0.02247500,0
1505689787,21685693,3668.06,0.02246000,0
1505689786,21685689,3668.06,0.06631155,0
1505689786,21685688,3665.77,0.00012073,0
1505689786,21685687,3665.73,0.00011186,0
1505689784,21685685,3665.74,0.02251719,0
1505689782,21685683,3665.74,0.02250648,0
1505689782,21685681,3665.74,0.05072624,0
1505689781,21685680,3665.74,0.16128000,0
1505689776,21685652,3666.13,0.45048317,0
1505689774,21685646,3666.13,2.69460000,0
1505689774,21685645,3666.13,0.02252123,1
1505689774,21685644,3666.27,0.02251586,1
1505689774,21685643,3666.48,1.65000000,1
1505689773,21685642,3666.67,0.91300000,1
1505689766,21685639,3675.21,0.06654414,0
1505689765,21685638,3675.21,0.01574228,0
1505689756,21685635,3675.15,0.01623810,0
1505689748,21685631,3675.25,0.06354414,0
1505689746,21685630,3666.40,0.90156740,1
1505689746,21685629,3666.40,0.91300000,1
1505689746,21685627,3670.00,0.02249240,1
1505689745,21685626,3675.26,0.25243656,0
1505689742,21685623,3676.86,0.01574067,0
1505689737,21685620,3670.00,0.04949547,0
1505689736,21685619,3669.97,0.06499857,0
1505689734,21685616,3666.29,0.00014920,1
1505689731,21685614,3670.36,0.00038217,1
1505689731,21685613,3670.36,0.02210953,1
1505689731,21685612,3670.62,0.00012027,1
1505689731,21685611,3670.62,0.02235943,1
1505689730,21685610,3671.39,0.01248865,1
1505689730,21685609,3671.39,0.01000000,1
1505689730,21685608,3672.19,0.02249621,1
1505689730,21685606,3672.23,0.01674020,1
1505689730,21685605,3672.23,0.00574827,1
1505689729,21685603,3672.87,0.06712794,0
1505689729,21685602,3672.38,0.00005604,0
1505689729,21685600,3672.34,0.00012139,0
1505689727,21685595,3672.38,0.00012003,1
1505689727,21685594,3672.38,0.00012317,1
1505689727,21685593,3672.38,0.02223698,1
1505689726,21685592,3672.43,0.02248274,1
1505689726,21685591,3672.46,0.44832443,1
1505689726,21685590,3672.67,0.02247866,1
1505689726,21685589,3672.68,0.02247795,1
1505689722,21685587,3672.80,0.02247811,1
1505689722,21685586,3672.91,0.02525430,1
1505689722,21685585,3672.93,0.90201427,1
1505689717,21685583,3676.88,0.03570354,0
1505689713,21685573,3676.85,0.00300000,0
1505689702,21685568,3679.27,0.03083868,0
1505689701,21685567,3679.28,1.22013546,0
1505689696,21685566,3679.30,0.06695756,1
1505689691,21685564,3672.93,0.01098573,1
1505689688,21685563,3677.51,0.02244939,1
1505689685,21685558,3677.51,0.07000000,0
1505689683,21685552,3677.51,0.02792100,1
1505689680,21685550,3677.51,0.08105687,0
1505689679,21685546,3677.51,0.45091924,0
1505689679,21685545,3677.14,0.04908076,0
1505689679,21685540,3673.58,0.00014413,1
1505689677,21685534,3677.14,0.05076883,0
1505689677,21685531,3677.14,0.00015041,1
1505689675,21685526,3677.14,0.02232782,1
1505689674,21685524,3677.16,0.47755605,1
1505689673,21685523,3677.16,0.02244395,1
1505689669,21685517,3677.99,0.06906786,1
1505689647,21685515,3683.89,0.03070000,1
1505689626,21685470,3683.68,0.12456293,0
1505689608,21685466,3683.99,0.40474743,0
1505689604,21685465,3683.96,0.05800000,0
1505689603,21685464,3683.98,0.00314088,0
1505689588,21685462,3689.74,0.03305270,0
1505689586,21685460,3689.74,0.00800000,0
1505689580,21685451,3689.54,0.02237579,0
1505689578,21685450,3679.23,0.10755067,1
1505689578,21685448,3679.26,0.02242663,0
1505689577,21685447,3679.99,0.23000000,0
1505689576,21685446,3679.99,0.91300000,1
1505689569,21685444,3679.96,0.05384000,1
1505689569,21685439,3689.73,0.02000000,0
1505689558,21685432,3679.84,0.02255532,1
1505689554,21685429,3679.77,0.01829721,0
1505689554,21685428,3681.47,0.01142782,1
1505689554,21685427,3681.47,0.01100000,1
1505689552,21685425,3693.45,0.04383280,0
1505689538,21685421,3681.61,0.02254466,1
1505689536,21685420,3681.59,0.44368607,1
1505689536,21685419,3682.60,0.10000000,1
1505689536,21685418,3683.08,0.46800000,1
1505689536,21685417,3683.49,0.61799175,1
1505689536,21685416,3687.51,0.36832218,1
1505689516,21685411,3687.51,0.00952032,1
1505689505,21685405,3694.98,0.25106496,0
1505689503,21685403,3694.93,0.01000000,0
1505689495,21685396,3694.99,0.01800000,0
1505689491,21685395,3694.96,0.01645793,0
1505689475,21685377,3694.99,0.00256112,0
1505689473,21685376,3694.96,0.03291851,0
1505689470,21685374,3687.53,0.02517941,1
1505689453,21685373,3694.93,0.06231021,0
1505689426,21685367,3687.52,0.00212069,1
1505689426,21685366,3687.52,0.02234962,1
1505689385,21685361,3691.33,0.25131321,0
1505689366,21685359,3691.44,0.05389951,0
1505689326,21685357,3695.35,0.02200000,0
1505689277,21685351,3688.83,0.03124291,1
1505689274,21685350,3701.44,0.05897599,0
1505689274,21685349,3699.54,0.06382805,0
1505689273,21685347,3699.54,0.00800000,0
1505689222,21685343,3699.54,0.01397340,0
1505689219,21685342,3699.54,0.01200000,0
1505689216,21685341,3689.06,0.02620973,1
1505689205,21685339,3699.54,0.08393817,0
1505689201,21685336,3699.54,0.22097905,0
1505689130,21685330,3699.54,0.02500000,0
1505689118,21685329,3699.59,0.05846332,0
1505689096,21685323,3692.40,0.00663801,1
1505689081,21685321,3692.40,0.03191744,1
1505689070,21685320,3692.42,0.06265140,1
1505689057,21685319,3701.32,0.05000000,0
1505689006,21685302,3702.16,0.02424030,0
1505689006,21685301,3702.16,0.03565716,0
1505689001,21685300,3702.19,0.06391012,0
1505688982,21685299,3702.55,0.00356980,0
1505688971,21685298,3702.80,0.00314175,0
1505688965,21685297,3701.54,0.06195718,0
1505688964,21685295,3692.39,0.02247866,1
1505688963,21685294,3692.39,0.20734981,1
1505688963,21685293,3696.24,0.01265019,1
1505688953,21685292,3696.24,0.00185351,0
1505688951,21685291,3701.59,0.01388116,1
1505688943,21685290,3703.39,0.02229121,0
1505688935,21685286,3703.60,0.03004009,1
1505688935,21685285,3701.72,0.01142782,0
1505688935,21685284,3701.71,0.04259113,1
1505688933,21685283,3701.71,0.01350300,0
1505688921,21685281,3700.76,0.00000295,1
1505688886,21685270,3701.52,0.13468471,0
1505688882,21685269,3701.62,0.07919440,0
1505688849,21685264,3700.76,0.02228732,1
1505688798,21685261,3701.50,0.01787581,0
1505688793,21685259,3701.58,0.02230162,0
1505688790,21685258,3701.72,0.01100000,0
1505688784,21685257,3701.85,0.24587243,0
1505688783,21685256,3700.85,0.02236091,0
1505688783,21685255,3700.52,0.02242930,0
1505688783,21685254,3697.40,0.01523658,0
1505688775,21685252,3696.27,0.19200000,1
1505688766,21685251,3697.40,0.00712248,0
1505688766,21685249,3697.22,0.01700000,0
1505688766,21685247,3696.83,0.00015041,0
1505688724,21685244,3696.27,0.00800000,1
1505688724,21685243,3696.82,0.01000000,1
1505688717,21685237,3696.82,0.01585621,0
1505688717,21685236,3696.76,0.00014379,0
1505688700,21685233,3696.76,0.01101034,0
1505688700,21685232,3696.75,0.01898966,0
1505688682,21685227,3696.76,0.01129477,0
1505688682,21685226,3692.48,0.02000000,0
1505688662,21685223,3684.50,0.00269188,1
1505688653,21685222,3684.56,0.02200705,0
1505688653,21685221,3689.88,0.04000000,1
1505688651,21685220,3692.48,0.00000606,1
1505688645,21685217,3692.48,0.12999394,1
1505688643,21685213,3696.29,0.43226446,0
1505688643,21685212,3696.28,0.91300000,0
1505688642,21685211,3695.00,0.01369999,0
1505688642,21685210,3695.00,0.01713045,0
1505688642,21685209,3692.52,0.02249621,0
1505688625,21685186,3692.48,0.20650000,0
1505688625,21685185,3692.48,0.50075000,0
1505688620,21685183,3692.51,0.02464716,0
1505688616,21685178,3695.00,0.00810249,0
1505688616,21685177,3693.89,0.02200000,0
1505688616,21685176,3689.51,0.02400000,0
1505688560,21685159,3693.79,0.01374887,0
1505688557,21685156,3693.84,0.02234600,0
1505688555,21685155,3693.90,0.85033379,0
1505688555,21685154,3690.00,0.05100000,0
1505688555,21685153,3687.73,0.26039126,0
1505688555,21685152,3685.63,0.02300162,0
1505688535,21685148,3685.63,0.02399838,0
1505688535,21685147,3681.26,0.04100000,0
1505688418,21685124,3687.73,0.00780524,0
1505688410,21685119,3687.87,0.02270000,0
1505688407,21685117,3687.90,0.02238413,1
1505688404,21685111,3675.40,0.02258257,0
1505688400,21685107,3689.75,0.02237290,1
1505688398,21685106,3675.33,0.96415363,1
1505688398,21685105,3675.36,0.91300000,1
1505688398,21685104,3675.36,0.02244890,0
1505688397,21685103,3676.43,0.02244031,1
1505688397,21685102,3676.99,0.02245306,1
1505688395,21685101,3677.59,0.02235906,1
1505688388,21685100,3692.31,0.01001090,0
1505688383,21685099,3680.01,0.02257053,1
1505688382,21685098,3692.43,0.02235862,0
1505688380,21685095,3677.33,0.71045782,0
1505688380,21685094,3677.46,0.02243109,1
1505688380,21685093,3677.46,0.20631665,0
1505688379,21685092,3678.76,0.02247537,1
1505688379,21685091,3679.72,0.02243449,1
1505688379,21685090,3679.75,0.02242885,1
1505688378,21685089,3680.00,0.59768386,1
1505688378,21685088,3680.00,0.30773965,1
1505688378,21685087,3680.01,0.02236091,1
1505688378,21685086,3680.01,0.02242930,0
1505688377,21685084,3680.03,0.04324201,1
1505688372,21685083,3692.53,0.00646827,0
1505688372,21685082,3688.35,0.04500000,0
1505688365,21685080,3690.66,0.25135884,0
1505688362,21685075,3690.69,0.01373005,0
1505688340,21685068,3690.69,0.00500000,0
1505688335,21685067,3682.32,0.36081677,1
1505688335,21685066,3684.42,1.59700000,1
1505688335,21685065,3684.87,0.02610900,0
1505688334,21685061,3684.87,0.01607423,0
1505688333,21685060,3684.87,1.00000000,1
1505688331,21685058,3685.00,1.00000000,1
1505688308,21685055,3690.69,0.01166491,0
1505688290,21685029,3692.65,0.03500000,0
1505688265,21685023,3692.68,0.00714518,0
1505688222,21685014,3696.80,0.03669630,0
1505688210,21684998,3684.44,0.02252729,1
1505688208,21684975,3692.46,0.00432928,1
1505688207,21684973,3692.46,0.02567072,0
1505688205,21684972,3684.89,2.00000000,1
1505688203,21684971,3684.89,2.00000000,1
1505688191,21684965,3692.46,0.02232928,0
1505688183,21684958,3694.23,0.02230500,0
1505688182,21684956,3694.23,0.01371623,0
1505688175,21684943,3684.91,2.00000000,1
1505688172,21684935,3684.90,2.00000000,1
1505688167,21684927,3694.37,0.00500000,0
1505688165,21684922,3694.46,0.01526000,0
1505688162,21684912,3682.59,0.06325980,0
1505688161,21684911,3682.59,0.01674020,1
1505688151,21684897,3682.56,0.02253866,1
1505688146,21684894,3694.89,0.02937907,0
1505688137,21684887,3694.98,0.01528500,0
1505688135,21684883,3695.14,0.00314118,0
1505688135,21684882,3695.00,0.01856078,1
1505688133,21684880,3691.94,0.00000507,0
1505688130,21684876,3691.94,0.07599493,0
1505688110,21684872,3695.87,0.01527900,0
1505688106,21684867,3695.97,0.00580931,0
1505688106,21684866,3692.48,0.02247811,0
1505688106,21684865,3692.22,0.00012027,0
1505688106,21684864,3692.17,0.00011111,0
1505688106,21684863,3692.14,0.00012003,0
1505688106,21684862,3692.13,0.01674020,0
1505688105,21684859,3691.59,0.07568325,0
1505688105,21684857,3691.59,0.01674020,0
1505688092,21684850,3691.59,0.01357655,0
1505688090,21684849,3687.38,0.00184229,0
1505688088,21684848,3687.14,1.89000000,1
1505688088,21684847,3687.18,0.10000000,1
1505688086,21684846,3691.58,0.01000000,1
1505688073,21684845,3691.58,0.01248865,0
1505688069,21684840,3691.58,0.01000000,0
1505688060,21684833,3684.34,1.81439452,1
1505688059,21684832,3684.34,1.97091795,1
1505688059,21684831,3684.35,0.02204365,0
1505688059,21684830,3684.41,0.18560548,1
1505688057,21684828,3690.75,0.00703840,1
1505688054,21684826,3691.59,0.02000000,0
1505688041,21684825,3690.94,0.79000000,1
1505688022,21684824,3687.21,0.01531781,1
1505688019,21684822,3688.65,0.32294895,0
1505688019,21684821,3687.21,0.07780412,0
1505688013,21684815,3687.21,0.03019588,0
1505688010,21684804,3687.18,0.03727386,0
1505688007,21684803,3688.72,0.01372978,0
1505687972,21684795,3680.32,0.02255434,1
1505687971,21684792,3680.29,0.02255257,1
1505687970,21684790,3680.29,0.77774558,1
1505687970,21684789,3680.31,0.91300000,0
1505687969,21684788,3680.82,0.00731328,1
1505687969,21684787,3680.82,0.01511581,1
1505687969,21684786,3681.05,0.02242728,1
1505687969,21684785,3681.36,0.02242582,1
1505687968,21684784,3684.86,0.02241359,1
1505687968,21684783,3684.87,0.17478394,1
1505687968,21684782,3686.90,0.02239212,1
1505687967,21684781,3687.43,0.02238258,1
1505687961,21684773,3691.02,0.02234300,0
1505687956,21684770,3691.05,0.00385459,0
1505687946,21684766,3690.78,2.80996463,1
1505687944,21684765,3692.10,0.03054100,0
1505687928,21684751,3692.13,0.00574827,1
1505687925,21684746,3687.43,1.79290251,0
1505687925,21684743,3687.71,0.02237618,1
1505687925,21684740,3689.27,0.02237413,1
1505687924,21684737,3689.85,0.00014381,1
1505687924,21684736,3689.85,0.02223237,1
1505687924,21684735,3689.99,0.02243964,1
1505687924,21684734,3689.99,0.05297617,0
1505687923,21684732,3690.05,0.02045130,1
1505687923,21684731,3690.05,0.00192718,1
1505687923,21684729,3690.24,0.01736172,1
1505687923,21684727,3690.24,0.00500000,1
1505687923,21684726,3690.24,0.00500000,0
1505687921,21684725,3690.25,0.01481499,1
1505687918,21684720,3690.25,0.00038217,0
1505687912,21684716,3690.25,0.02210953,1
1505687893,21684705,3692.48,2.00000000,1
1505687893,21684704,3692.48,0.15890494,1
1505687892,21684703,3693.06,0.02233566,1
1505687892,21684702,3693.55,0.02233566,1
1505687892,21684701,3693.55,0.02234594,0
1505687892,21684700,3693.59,1.75200000,1
1505687891,21684699,3693.60,0.07000000,0
1505687891,21684697,3693.61,0.02207780,1
1505687870,21684685,3706.57,0.03000000,0
1505687867,21684676,3706.67,0.09371509,0
1505687842,21684666,3711.42,0.01756026,0
1505687831,21684660,3698.38,1.86558301,1
1505687830,21684659,3698.48,0.02231600,1
1505687830,21684658,3698.49,0.06694732,1
1505687828,21684657,3707.15,0.03121825,0
1505687828,21684656,3707.15,0.01393542,1
1505687819,21684652,3709.72,0.03278470,0
1505687806,21684648,3707.15,0.00832757,0
1505687804,21684643,3698.49,0.14521417,0
1505687804,21684641,3698.49,0.02232115,0
1505687804,21684640,3698.49,0.01000000,0
1505687802,21684639,3698.49,0.02236468,1
1505687791,21684637,3707.15,0.00315596,0
1505687770,21684636,3707.15,0.11251647,0
1505687737,21684625,3712.49,0.02000000,0
1505687731,21684612,3712.54,0.14085613,0
1505687727,21684594,3712.62,0.02219687,0
1505687727,21684593,3712.62,0.01489130,0
1505687726,21684592,3700.55,0.00731328,0
1505687726,21684590,3700.55,0.01511581,0
1505687723,21684581,3712.65,0.02223468,1
1505687722,21684573,3698.85,1.97775013,0
1505687721,21684571,3700.63,0.02224987,0
1505687721,21684570,3700.54,1.02017274,1
1505687720,21684566,3700.62,0.02230248,1
1505687720,21684565,3700.62,0.02229238,0
1505687720,21684563,3700.63,0.91300000,1
1505687719,21684562,3700.67,0.02223240,0
1505687717,21684557,3700.66,0.70466087,0
1505687716,21684556,3700.66,0.38233913,0
1505687715,21684555,3700.66,0.91300000,1
1505687712,21684551,3712.67,0.02000000,1
1505687711,21684550,3712.68,0.01000000,0
1505687708,21684548,3700.59,0.02242885,1
1505687699,21684539,3716.79,0.02000000,0
1505687686,21684518,3714.38,0.06919056,0
1505687678,21684503,3717.19,0.17070400,0
1505687673,21684499,3714.38,0.19968790,0
1505687661,21684489,3717.37,0.02220861,0
1505687659,21684488,3717.38,0.35806642,0
1505687659,21684487,3714.38,0.00000558,0
1505687659,21684484,3714.38,0.15181956,0
1505687656,21684482,3714.38,0.00217486,0
1505687655,21684481,3713.70,0.01736172,0
1505687619,21684476,3713.70,0.00500000,0
1505687533,21684462,3708.94,0.50000000,1
1505687533,21684461,3711.07,4.50000000,1
1505687521,21684457,3713.69,0.01605143,1
1505687508,21684456,3709.98,0.15237426,0
1505687493,21684454,3709.98,0.01962574,0
1505687493,21684453,3709.97,0.02045130,0
1505687489,21684451,3709.97,0.00192718,0
1505687481,21684448,3708.92,0.13414073,0
1505687475,21684445,3708.92,0.02225927,0
1505687473,21684444,3705.58,0.18500000,0
1505687462,21684420,3702.11,2.08229253,0
1505687460,21684419,3702.11,0.11670747,1
1505687457,21684418,3702.08,2.00000000,1
1505687453,21684417,3700.54,0.11754725,1
1505687411,21684400,3698.47,0.01817000,1
1505687409,21684399,3698.50,0.00543000,0
1505687409,21684398,3698.50,0.01729000,1
1505687408,21684397,3698.50,0.02271000,1
1505687388,21684393,3708.84,0.00151885,0
1505687388,21684392,3705.69,0.01163648,0
1505687385,21684390,3705.69,0.19582000,0
1505687385,21684387,3705.69,0.02219520,0
1505687376,21684385,3705.69,0.00710465,0
1505687364,21684381,3705.69,0.01224367,0
1505687288,21684336,3700.88,0.10450000,1
1505687268,21684333,3700.88,0.55256363,0
1505687268,21684331,3700.89,0.36422629,1
1505687242,21684328,3700.85,0.02242728,0
1505687242,21684327,3700.83,0.00230059,1
1505687240,21684326,3711.70,0.00279941,1
1505687189,21684323,3714.05,0.06626453,1
1505687188,21684322,3712.49,0.19100000,0
1505687188,21684320,3712.33,0.03215041,0
1505687186,21684317,3708.09,0.20800000,0
1505687163,21684293,3711.70,0.00778400,0
1505687151,21684291,3701.08,0.13328191,1
1505687128,21684272,3711.65,0.48374442,1
1505687126,21684271,3707.30,0.00000536,0
1505687119,21684269,3707.30,0.30960300,0
1505687112,21684264,3707.30,0.05439164,0
1505687093,21684262,3700.80,0.01200000,1
1505687080,21684261,3710.13,0.29399500,0
1505687043,21684221,3714.93,0.00467100,0
1505687018,21684211,3716.05,0.00510219,0
1505686998,21684191,3703.55,0.75540026,1
1505686998,21684190,3703.56,0.53554660,1
1505686998,21684189,3703.66,0.91300000,1
1505686997,21684187,3704.05,0.03484171,1
1505686923,21683982,3715.66,0.03555617,0
1505686907,21683914,3715.85,0.00356994,0
1505686870,21683739,3702.56,0.00267722,1
1505686850,21683659,3702.60,0.05460856,1
1505686826,21683546,3716.53,0.09540646,0
1505686825,21683539,3706.00,0.00000515,0
1505686824,21683532,3706.00,0.03170000,0
1505686810,21683480,3701.14,0.02242582,1
1505686808,21683472,3709.58,0.07000000,1
1505686804,21683458,3712.43,1.97169794,0
1505686802,21683439,3716.62,0.30000000,0
1505686800,21683434,3716.62,0.04095402,0
1505686794,21683415,3712.61,0.02243964,0
1505686781,21683376,3712.48,0.41512509,0
1505686773,21683341,3709.64,0.02237413,1
1505686764,21683319,3709.69,0.02000000,1
1505686752,21683277,3709.57,0.01306406,0
1505686745,21683251,3709.60,0.50000000,0
1505686737,21683219,3709.61,0.57181085,0
1505686730,21683192,3695.71,2.07175959,1
1505686730,21683191,3695.72,0.28000000,1
1505686730,21683190,3698.64,0.02231614,1
1505686730,21683189,3698.83,0.62592427,1
1505686730,21683188,3699.04,1.00000000,1
1505686729,21683183,3712.63,0.07364000,0
1505686728,21683171,3712.63,0.14267200,0
1505686725,21683157,3712.64,0.07110473,0
1505686723,21683153,3712.64,0.02222874,0
1505686716,21683136,3698.79,0.02000000,1
1505686704,21683098,3698.74,0.67000000,1
1505686692,21683033,3698.70,0.02244031,1
1505686692,21683031,3709.72,0.61499133,0
1505686686,21683013,3709.77,0.07770816,0
1505686683,21682997,3709.77,3.29321730,0
1505686683,21682994,3709.74,0.97864195,0
1505686683,21682993,3707.32,4.67362275,0
1505686676,21682981,3706.00,0.02000000,1
1505686664,21682964,3706.00,0.21500000,1
1505686664,21682963,3706.01,0.25500000,1
1505686662,21682957,3702.06,0.92122315,0
1505686657,21682948,3702.06,0.07877685,0
1505686651,21682938,3702.05,0.02229829,1
1505686648,21682931,3702.06,1.00000000,0
1505686642,21682919,3714.00,0.05634409,1
1505686642,21682918,3714.00,1.00000000,1
1505686639,21682913,3714.00,0.56600000,0
1505686639,21682912,3714.00,0.05000000,1
1505686639,21682911,3714.00,1.00000000,1
1505686639,21682909,3712.38,2.50314470,0
1505686638,21682907,3710.07,4.58651121,0
1505686638,21682906,3706.84,0.23800000,0
1505686637,21682905,3706.85,7.44520000,1
1505686636,21682900,3712.38,2.19685530,0
1505686634,21682894,3714.51,0.02135805,0
1505686605,21682854,3712.56,0.02239212,1
1505686596,21682846,3712.53,0.07157695,1
1505686596,21682844,3712.59,0.15894180,0
1505686594,21682840,3716.00,0.01957350,1
1505686578,21682819,3719.99,0.08479211,1
1505686576,21682815,3719.28,0.00000003,0
1505686575,21682813,3719.28,0.04070000,1
1505686575,21682811,3719.28,6.05682297,1
1505686569,21682805,3719.28,0.02000000,1
1505686568,21682804,3719.28,0.03000000,1
1505686560,21682794,3720.00,0.59768386,0
1505686560,21682793,3719.99,0.02231614,0
1505686556,21682789,3720.00,0.30773965,0
1505686551,21682778,3719.31,0.16567682,1
1505686550,21682775,3719.28,2.83865903,0
1505686540,21682753,3719.28,0.20786391,0
1505686536,21682748,3719.28,0.08222300,0
1505686528,21682737,3719.28,0.19760532,0
1505686517,21682723,3716.03,0.02233566,1
1505686513,21682712,3719.28,0.02219594,0
1505686508,21682701,3719.20,0.03776349,0
1505686508,21682699,3718.93,0.12245000,0
1505686507,21682695,3718.72,0.02231950,0
1505686507,21682691,3718.52,0.02232073,0
1505686507,21682690,3716.75,0.02228541,0
1505686506,21682681,3716.74,0.02233566,0
1505686497,21682658,3716.00,1.05451800,0
1505686492,21682642,3716.00,0.94548200,0
1505686459,21682549,3715.95,1.27297730,0
1505686445,21682522,3715.70,0.07690387,0
1505686444,21682519,3715.73,0.03114000,0
1505686423,21682497,3715.37,0.10692052,0
1505686383,21682409,3715.47,0.07303980,0
1505686347,21682309,3704.22,0.21464948,1
1505686344,21682291,3715.95,2.21876000,0
1505686344,21682289,3715.95,0.08073306,0
1505686339,21682253,3715.92,0.02220245,0
1505686338,21682250,3704.14,0.02228303,1
1505686323,21682210,3714.79,0.01376200,0
1505686322,21682207,3714.76,0.02222383,0
1505686321,21682203,3704.12,0.05220012,1
1505686321,21682202,3704.13,0.02228498,1
1505686305,21682166,3706.34,0.01782043,1
1505686303,21682161,3708.24,0.02238258,1
1505686296,21682149,3706.33,0.54256785,1
1505686296,21682145,3708.68,4.35280000,1
1505686296,21682142,3715.73,0.10463215,1
1505686295,21682137,3715.73,0.01335358,1
1505686294,21682133,3715.73,0.02221336,0
1505686294,21682131,3715.73,0.85980091,0
1505686293,21682128,3715.73,0.02000000,0
1505686292,21682124,3712.08,0.43424864,1
1505686292,21682123,3712.08,0.01521000,1
1505686291,21682117,3715.73,0.01098573,0
1505686290,21682113,3712.08,0.07601259,1
1505686288,21682104,3715.73,0.02221336,0
1505686284,21682090,3704.47,0.01983452,1
1505686283,21682086,3704.47,0.00244679,1
1505686283,21682085,3711.96,0.02000000,1
1505686282,21682080,3712.08,0.02235943,1
1505686282,21682079,3715.78,0.00431296,0
1505686282,21682078,3715.51,0.02233881,0
1505686282,21682077,3712.74,0.02235236,0
1505686281,21682075,3712.09,0.02235939,0
1505686279,21682064,3711.96,0.24737147,0
1505686279,21682063,3712.09,0.25349870,1
1505686278,21682059,3712.08,0.01523049,1
1505686277,21682057,3712.08,0.00012317,0
1505686271,21682026,3711.96,0.12402075,0
1505686271,21682025,3704.42,0.53146120,1
1505686268,21682016,3711.96,0.02243449,1
1505686267,21682010,3711.96,0.02236017,0
1505686267,21682009,3711.95,0.02236889,0
1505686265,21681998,3710.51,0.05283910,0
1505686259,21681979,3709.30,0.02225699,1
1505686259,21681977,3710.51,0.26057518,1
1505686259,21681976,3710.51,0.09395369,1
1505686255,21681965,3710.51,1.00000000,1
1505686253,21681959,3710.48,0.02224906,0
1505686251,21681955,3709.74,0.04720399,1
1505686251,21681953,3710.51,1.67050863,0
1505686251,21681952,3710.18,0.02237090,0
1505686251,21681950,3710.11,1.82600000,0
1505686250,21681949,3710.11,0.89074831,0
1505686250,21681945,3710.11,0.02225169,0
1505686249,21681942,3709.74,0.02225488,1
1505686248,21681936,3709.73,0.11424175,0
1505686248,21681934,3709.54,0.08050169,0
1505686247,21681929,3710.00,0.36446125,1
1505686246,21681927,3709.74,0.00294631,0
1505686246,21681925,3709.74,0.01941914,0
1505686244,21681916,3709.73,0.01043000,1
1505686243,21681914,3709.73,0.02237618,1
1505686240,21681906,3709.73,0.00014381,0
1505686232,21681887,3709.30,0.00004389,0
1505686228,21681880,3704.61,0.02243109,1
1505686228,21681878,3704.61,0.02240451,0
1505686221,21681865,3704.60,0.02243158,1
1505686219,21681858,3704.60,0.02241359,0
1505686212,21681842,3703.11,0.02237152,0
1505686204,21681816,3700.00,0.01351600,1
1505686203,21681815,3700.00,0.54316742,0
1505686201,21681808,3700.00,1.00000000,0
1505686199,21681804,3700.00,1.00000000,0
1505686191,21681790,3699.26,0.02247537,0
1505686175,21681758,3697.65,0.19951500,1
1505686138,21681687,3699.14,0.01916144,0
1505686119,21681670,3699.32,0.20000000,0
1505686053,21681608,3699.68,0.10000000,0
1505686016,21681584,3698.90,0.01000000,0
1505685984,21681539,3699.26,0.01483802,0
1505685977,21681526,3699.39,0.01356093,0
1505685965,21681506,3699.52,0.25075618,0
1505685926,21681411,3697.31,0.02341475,0
1505685909,21681370,3697.62,0.06800000,0
1505685904,21681358,3686.17,0.24537290,0
1505685889,21681329,3686.17,3.49611824,0
1505685887,21681316,3686.17,0.80434876,1
1505685872,21681292,3698.15,0.01100000,0
1505685867,21681284,3698.17,0.02232073,0
1505685866,21681282,3698.19,0.00320100,0
1505685863,21681276,3698.24,0.02657205,0
1505685863,21681274,3696.71,0.02245244,0
1505685863,21681273,3696.70,0.02245306,0
1505685843,21681238,3694.59,0.01000000,0
1505685833,21681219,3694.63,0.04758963,0
1505685816,21681207,3694.72,0.01787335,0
1505685815,21681205,3694.72,0.04395567,0
1505685807,21681183,3686.14,0.07090342,1
1505685792,21681138,3694.77,0.02233881,0
1505685788,21681126,3684.25,0.00012382,0
1505685784,21681116,3696.60,0.00765332,1
1505685783,21681113,3696.50,0.02245368,0
1505685781,21681107,3684.28,0.02500000,1
1505685750,21681047,3695.10,0.10160000,0
1505685743,21681032,3695.16,0.00716392,0
1505685731,21681013,3695.29,0.00317604,0
1505685725,21681002,3695.35,0.02483391,0
1505685722,21680995,3695.38,0.01657270,0
1505685722,21680994,3695.37,0.11642730,0
1505685685,21680953,3695.93,0.03000000,0
1505685675,21680934,3683.02,0.00519166,1
1505685671,21680923,3696.14,0.09430441,0
1505685662,21680892,3696.25,0.00784816,0
1505685627,21680800,3695.70,0.00629311,0
1505685604,21680721,3695.77,0.00324639,0
1505685594,21680700,3695.95,0.01214296,0
1505685577,21680671,3681.96,0.02254234,1
1505685575,21680667,3682.02,0.11194382,1
1505685575,21680666,3689.64,0.00294631,1
1505685573,21680663,3689.64,0.01941914,1
1505685573,21680661,3692.11,0.02236017,1
1505685571,21680657,3694.21,0.02555826,0
1505685568,21680651,3694.23,0.03083727,0
1505685567,21680650,3693.00,0.04000000,0
1505685567,21680647,3692.13,0.02247534,0
1505685567,21680646,3692.11,0.02248274,1
1505685565,21680642,3691.72,0.01933276,0
1505685554,21680621,3691.72,0.00314994,0
1505685545,21680601,3690.10,0.03015800,1
1505685537,21680585,3690.17,0.10000000,0
1505685507,21680534,3690.54,0.04136368,0
1505685495,21680510,3690.74,0.60960615,0
1505685490,21680497,3690.83,0.01129482,0
1505685477,21680479,3691.02,0.02235939,0
1505685473,21680475,3691.06,0.02687379,0
1505685473,21680474,3687.10,0.02250849,0
1505685473,21680473,3686.40,0.01353530,0
1505685469,21680468,3685.94,0.07237105,1
1505685465,21680463,3686.40,0.00900000,0
1505685460,21680452,3685.74,0.00314916,0
1505685364,21680259,3683.41,0.01419105,0
1505685364,21680258,3680.63,0.01626795,0
1505685325,21680190,3672.78,4.20060186,1
1505685325,21680188,3672.79,0.79939814,1
1505685321,21680177,3676.00,0.23990352,0
1505685307,21680155,3672.63,0.00907000,1
1505685303,21680148,3676.00,0.03042700,0
1505685298,21680141,3676.00,0.64172445,0
1505685248,21680072,3680.00,0.03136800,0
1505685246,21680064,3678.99,0.15671000,0
1505685231,21680032,3680.00,0.02400000,0
1505685227,21680024,3680.00,0.00787326,0
1505685178,21679945,3680.00,0.00600000,0
1505685161,21679931,3680.00,0.06200000,0
1505685160,21679927,3674.54,0.02932844,1
1505685135,21679834,3680.00,0.00135326,0
1505685116,21679738,3680.00,0.03581859,0
1505685113,21679730,3680.00,0.04003000,0
1505685098,21679694,3680.00,0.00534899,0
1505685095,21679687,3680.00,0.04000000,0
1505685092,21679679,3675.13,0.00654451,1
1505685077,21679644,3680.00,0.03984275,0
1505685071,21679627,3674.93,0.00270380,1
1505685071,21679625,3680.00,0.07166852,0
1505685050,21679582,3680.00,0.25283361,0
1505685034,21679557,3680.00,0.02795202,0
1505685032,21679551,3680.00,0.01261353,0
1505685018,21679522,3676.96,0.01995409,1
1505685018,21679521,3678.00,0.00004591,1
1505685017,21679518,3678.00,2.90356673,0
1505685017,21679517,3677.98,0.02258736,0
1505685014,21679512,3676.96,0.00650000,1
1505685013,21679509,3676.96,0.01222246,1
1505685012,21679507,3676.96,0.03500000,1
1505685010,21679502,3676.96,0.00727426,1
1505685009,21679499,3676.96,0.02427842,1
1505685008,21679497,3676.96,0.02655400,1
1505685004,21679490,3677.00,1.00000000,0
1505684999,21679466,3676.96,0.00806000,1
1505684991,21679453,3677.00,1.00000000,0
1505684953,21679381,3677.99,0.11488900,0
1505684945,21679363,3677.99,0.63733996,0
1505684942,21679356,3669.07,0.24459109,1
1505684907,21679327,3671.99,0.02900000,0
1505684895,21679318,3671.99,0.04007121,0
1505684881,21679313,3674.58,0.07000186,0
1505684871,21679311,3674.48,0.10679053,0
1505684796,21679295,3677.99,0.00941566,0
1505684777,21679284,3677.99,0.04900129,0
1505684777,21679283,3677.96,0.00256685,0
1505684776,21679282,3677.95,0.04282000,0
1505684774,21679281,3667.22,0.02263294,1
1505684772,21679278,3677.96,0.02000000,1
1505684763,21679274,3667.05,0.02265678,1
1505684760,21679272,3677.97,0.02034263,0
1505684758,21679270,3677.99,0.38000000,0
1505684751,21679268,3668.84,0.02262295,1
1505684746,21679263,3678.00,0.09643327,0
1505684746,21679262,3677.99,0.02256673,0
1505684705,21679229,3677.99,0.01947294,0
1505684699,21679221,3671.12,0.02254082,1
1505684694,21679219,3678.00,1.00000000,0
1505684693,21679218,3680.63,0.00628265,0
1505684691,21679215,3671.12,0.10237717,1
1505684686,21679204,3668.86,0.02262283,0
1505684667,21679182,3680.64,0.07000000,0
1505684649,21679171,3676.77,0.02245244,0
1505684640,21679163,3672.38,1.30019363,0
1505684640,21679162,3672.37,0.67975285,0
1505684639,21679161,3668.26,0.00011696,0
1505684639,21679160,3668.07,0.00013716,0
1505684637,21679158,3668.00,0.01979940,0
1505684634,21679156,3666.94,0.35581167,1
1505684634,21679154,3666.28,0.00013026,0
1505684619,21679142,3666.68,0.01363100,0
1505684616,21679140,3666.68,0.02251561,1
1505684616,21679139,3666.80,0.30000000,1
1505684616,21679138,3667.52,0.02249505,1
1505684616,21679137,3667.53,1.59700000,1
1505684611,21679134,3668.00,0.00282873,1
1505684610,21679133,3668.04,0.02965595,0
1505684597,21679124,3669.00,0.00012858,1
1505684596,21679123,3669.00,0.02237257,1
1505684587,21679116,3674.27,0.08720737,0
1505684586,21679115,3674.27,0.02244475,0
1505684584,21679112,3669.01,0.01100000,0
1505684583,21679111,3669.01,0.02247534,1
1505684583,21679110,3669.01,0.21737804,1
1505684581,21679107,3676.77,0.02245368,0
1505684579,21679106,3669.01,0.02262196,1
1505684577,21679102,3669.81,0.58096413,1
1505684577,21679098,3669.01,0.42554064,0
1505684576,21679095,3669.02,0.15692667,1
1505684576,21679094,3669.80,0.70986567,1
1505684574,21679088,3669.80,0.00013433,1
1505684572,21679086,3669.81,1.75224469,0
1505684572,21679085,3669.83,0.91300000,0
1505684572,21679083,3669.98,0.02250957,1
1505684571,21679082,3670.00,0.02000000,1
1505684571,21679081,3670.34,0.02249316,1
1505684571,21679080,3671.11,0.02247264,1
1505684570,21679079,3671.61,0.02247294,1
1505684570,21679078,3671.62,0.02248055,1
1505684570,21679077,3672.38,0.02248000,1
1505684569,21679076,3672.58,0.02250542,1
1505684569,21679075,3672.69,0.02247580,1
1505684569,21679074,3673.41,0.02250499,1
1505684568,21679073,3674.28,0.02249493,1
1505684568,21679072,3675.35,0.02246248,1
1505684568,21679071,3675.50,0.02246856,1
1505684567,21679069,3675.63,0.02246078,1
1505684567,21679068,3680.95,0.00025643,1
1505684567,21679067,3680.95,0.02221706,1
1505684565,21679066,3682.86,0.19813382,1
1505684565,21679065,3682.87,0.02237152,1
1505684552,21679054,3687.39,0.00811414,1
1505684551,21679052,3687.39,0.25037500,0
1505684541,21679046,3682.86,0.07334861,1
1505684540,21679045,3682.86,0.06532836,1
1505684540,21679044,3682.86,0.18668656,1
1505684536,21679039,3682.86,0.13855265,1
1505684533,21679027,3694.68,0.01767732,1
1505684532,21679024,3682.86,0.33795000,1
1505684516,21679005,3682.87,3.88830237,1
1505684516,21679004,3687.00,0.06319556,1
1505684514,21679003,3687.00,0.02000000,1
1505684470,21678962,3685.00,0.48873137,0
1505684470,21678961,3685.09,2.55350581,1
1505684470,21678960,3685.37,4.14361400,1
1505684469,21678959,3685.37,0.80849475,1
1505684463,21678953,3696.88,0.01125700,0
1505684430,21678949,3687.30,0.01269036,1
1505684423,21678946,3685.09,0.02252319,1
1505684421,21678945,3685.09,2.04570000,1
1505684421,21678944,3687.60,1.00000000,1
1505684421,21678941,3687.61,6.95430000,1
1505684409,21678930,3697.10,0.20664725,0
1505684397,21678929,3687.61,3.00000000,1
1505684342,21678914,3698.00,0.00842517,0
1505684327,21678905,3687.77,0.09086070,1
1505684327,21678904,3689.49,0.02237090,1
1505684299,21678884,3698.75,0.02231950,0
1505684298,21678883,3687.78,0.46134676,1
1505684298,21678882,3689.48,0.02230088,1
1505684296,21678881,3689.49,0.02235236,1
1505684272,21678873,3700.28,0.02231125,0
1505684259,21678861,3690.00,0.06693900,0
1505684249,21678857,3690.00,1.28328384,0
1505684249,21678856,3690.00,0.91300000,0
1505684248,21678855,3690.62,1.82600000,1
1505684248,21678854,3690.74,0.97771616,1
1505684244,21678850,3700.61,0.04000000,0
1505684233,21678845,3700.61,0.00791741,0
1505684224,21678842,3700.61,0.25068300,0
1505684223,21678836,3700.61,0.05461700,0
1505684179,21678815,3703.47,0.05453541,0
1505684171,21678813,3703.47,0.00527536,0
1505684075,21678796,3705.00,0.06264756,0
1505684067,21678783,3705.00,0.01211336,0
1505684053,21678765,3705.00,0.15421862,0
1505684051,21678754,3705.00,0.15409176,0
1505684043,21678741,3705.00,0.09780639,0
1505684039,21678733,3705.00,0.02223635,0
1505684038,21678728,3710.71,0.01950619,0
1505684038,21678726,3710.71,0.98331466,0
1505684037,21678724,3710.70,0.02246882,0
1505684034,21678719,3706.00,0.08357760,0
1505684034,21678717,3706.00,0.60175284,0
1505684033,21678715,3706.00,0.16092348,0
1505684032,21678714,3706.00,0.15374608,0
1505684032,21678713,3700.00,0.10908378,0
1505684032,21678712,3700.00,1.37490919,0
1505684031,21678704,3700.00,0.11349459,0
1505684025,21678688,3700.00,0.11322702,0
1505684014,21678674,3700.00,0.19000000,0
1505683997,21678670,3700.00,0.09400416,0
1505683996,21678669,3700.00,0.00528126,0
1505683986,21678665,3706.99,0.02396823,0
1505683984,21678664,3700.00,0.10000000,0
1505683968,21678658,3693.27,0.06979471,1
1505683963,21678654,3693.25,0.02286334,1
1505683962,21678652,3708.29,0.09968376,0
1505683962,21678651,3704.53,0.18890271,0
1505683961,21678649,3704.53,0.03109729,0
1505683961,21678648,3700.90,0.00025643,0
1505683961,21678647,3693.31,0.02228384,1
1505683960,21678646,3693.24,1.97771459,1
1505683960,21678645,3693.26,0.02228541,1
1505683959,21678642,3693.25,0.02261700,1
1505683956,21678631,3693.24,0.04706437,1
1505683954,21678629,3700.91,0.05456849,0
1505683953,21678627,3713.03,3.87983557,0
1505683953,21678626,3710.41,4.75580000,0
1505683952,21678625,3710.38,0.05000000,0
1505683952,21678624,3707.39,5.34400500,0
1505683952,21678623,3707.14,1.82600000,0
1505683952,21678622,3704.55,5.00000000,0
1505683952,21678621,3704.54,0.25000000,0
1505683952,21678620,3701.40,7.52392174,0
1505683951,21678619,3701.39,0.40419779,0
1505683951,21678618,3700.93,0.96623990,0
1505683946,21678617,3688.10,0.20394755,1
1505683929,21678611,3688.10,0.02255633,1
1505683924,21678605,3688.10,0.17928648,1
1505683923,21678604,3688.12,0.00000367,1
1505683923,21678603,3688.12,0.86592833,1
1505683921,21678595,3688.12,0.04706800,1
1505683917,21678589,3688.10,0.02259972,1
1505683902,21678583,3701.40,6.43100000,0
1505683902,21678582,3701.36,0.31000000,0
1505683901,21678581,3701.32,1.82600000,0
1505683901,21678580,3698.81,5.00000000,0
1505683901,21678579,3698.68,4.52000000,0
1505683901,21678578,3698.68,0.91300000,0
1505683901,21678577,3695.00,1.00000000,0
1505683897,21678576,3694.97,0.01321623,0
1505683881,21678568,3694.97,0.02054387,0
1505683875,21678567,3685.62,0.25205892,1
1505683864,21678560,3698.46,0.01563700,0
1505683843,21678525,3701.40,0.38506687,0
1505683843,21678524,3700.00,0.04000000,0
1505683843,21678523,3698.00,0.04000000,0
1505683826,21678520,3686.73,0.01205278,1
1505683826,21678519,3687.79,0.02500000,1
1505683817,21678512,3687.79,0.07817089,1
1505683811,21678509,3687.79,0.59908967,1
1505683807,21678506,3687.78,0.02977549,1
1505683775,21678481,3696.59,0.07133269,0
1505683772,21678475,3700.90,0.07609236,0
1505683772,21678474,3698.00,0.33610072,0
1505683763,21678472,3685.51,0.01335152,1
1505683744,21678469,3697.43,0.07829200,0
1505683743,21678468,3685.64,5.00000000,1
1505683743,21678467,3685.64,5.00000000,1
1505683725,21678458,3697.41,0.12237549,0
1505683700,21678455,3685.48,0.59128196,1
1505683696,21678454,3685.47,0.15027352,1
1505683694,21678453,3685.47,0.91300000,1
1505683683,21678450,3688.10,0.83580814,1
1505683681,21678449,3698.00,0.06269556,0
1505683678,21678447,3688.07,0.15985198,1
1505683675,21678441,3698.00,0.00120372,0
1505683674,21678440,3695.00,0.21998776,0
1505683674,21678439,3694.99,0.02250499,0
1505683672,21678434,3688.07,0.40000575,1
1505683668,21678431,3690.00,1.00000000,0
1505683655,21678420,3688.10,0.06266100,1
1505683653,21678417,3688.07,0.07598826,1
1505683651,21678416,3695.00,0.00527327,0
1505683649,21678415,3685.44,1.78660476,1
1505683648,21678414,3685.44,0.08760946,1
1505683638,21678410,3685.45,0.42972617,1
1505683637,21678407,3685.46,0.43602156,1
1505683636,21678405,3685.46,0.47697619,1
1505683635,21678400,3685.44,0.94161079,1
1505683630,21678399,3683.01,0.01132724,1
1505683623,21678396,3697.98,0.04000000,0
1505683619,21678390,3682.63,0.01801219,1
1505683617,21678389,3694.80,0.15258418,0
1505683616,21678388,3682.63,0.01837764,1
1505683604,21678380,3678.35,0.14405446,1
1505683603,21678379,3678.31,0.02256477,1
1505683598,21678378,3694.80,2.47941507,1
1505683597,21678377,3694.80,1.82600000,0
1505683597,21678376,3694.80,0.91300000,0
1505683593,21678373,3678.89,0.91300000,1
1505683593,21678372,3682.02,0.99441400,1
1505683591,21678371,3682.02,0.00558600,1
1505683591,21678370,3694.83,0.07130704,0
1505683588,21678369,3694.90,0.07129838,0
1505683582,21678365,3680.82,0.02242419,1
1505683582,21678364,3681.85,0.02244863,1
1505683582,21678363,3682.01,0.77409217,1
1505683581,21678361,3682.01,0.13890783,1
1505683574,21678345,3681.99,0.13896900,1
1505683554,21678319,3682.10,0.02254166,1
1505683551,21678318,3695.30,1.24790732,1
1505683551,21678317,3695.30,0.02246856,1
1505683550,21678316,3694.05,0.91300000,1
1505683549,21678315,3694.05,2.69000000,1
1505683549,21678314,3694.02,0.53273539,0
1505683528,21678308,3694.55,0.00624522,0
1505683528,21678307,3694.55,0.20030000,0
1505683503,21678301,3682.08,0.18976383,1
1505683460,21678289,3681.88,0.25041638,1
1505683455,21678287,3698.30,0.25927409,0
1505683455,21678286,3693.50,0.01312753,0
1505683455,21678285,3693.33,0.57311309,0
1505683452,21678283,3693.50,0.07021678,0
1505683446,21678281,3693.36,0.63468594,0
1505683444,21678279,3693.37,0.01876585,0
1505683393,21678245,3694.13,0.09394833,0
1505683318,21678230,3695.20,0.00650000,0
1505683287,21678220,3697.45,0.04331821,0
1505683265,21678205,3683.43,0.00270130,1
1505683259,21678203,3697.87,0.01243411,0
1505683235,21678201,3683.41,0.02000000,1
1505683223,21678197,3700.95,0.05703000,0
1505683222,21678196,3683.34,0.54000000,1
1505683221,21678195,3683.35,0.06683248,1
1505683214,21678184,3700.95,0.08468072,0
1505683212,21678178,3686.33,0.02251561,1
1505683211,21678175,3686.36,0.02762176,1
1505683210,21678173,3689.15,0.02237824,1
1505683209,21678170,3692.06,0.18600000,1
1505683209,21678167,3692.06,0.02400000,1
1505683207,21678154,3701.00,0.25041638,0
1505683203,21678144,3707.33,0.00111595,0
1505683203,21678143,3705.00,0.01288322,0
1505683199,21678142,3692.13,0.23000000,1
1505683198,21678140,3705.00,0.02000000,0
1505683195,21678136,3695.34,0.00900000,1
1505683191,21678135,3705.00,0.00711678,0
1505683188,21678134,3695.36,0.02246078,1
1505683187,21678132,3708.96,0.45762176,1
1505683186,21678130,3708.96,0.02237824,1
1505683177,21678129,3692.09,0.02248055,1
1505683174,21678124,3701.36,0.02242419,1
1505683170,21678112,3690.44,1.00000000,1
1505683169,21678106,3690.44,0.02251586,1
1505683167,21678104,3690.44,0.00011858,0
1505683167,21678103,3689.17,1.00000000,0
1505683167,21678102,3688.70,0.00012858,0
1505683162,21678098,3689.17,0.02241147,1
1505683155,21678096,3689.95,0.02239611,1
1505683146,21678095,3690.00,0.02000000,1
1505683146,21678094,3690.00,0.25000000,1
1505683138,21678093,3690.01,0.26000000,0
1505683137,21678092,3690.01,0.02249316,1
1505683128,21678089,3690.67,0.02239768,1
1505683113,21678088,3691.00,0.55154865,1
1505683092,21678084,3691.00,0.22290000,1
1505683092,21678083,3693.00,0.02000000,1
1505683092,21678082,3694.08,0.75710000,1
1505683089,21678079,3691.09,0.84200000,1
1505683089,21678077,3691.10,0.15800000,1
1505683085,21678074,3693.38,0.02484716,0
1505683081,21678070,3693.38,0.00200000,1
1505683077,21678065,3693.84,0.05000000,1
1505683062,21678045,3693.84,0.01367955,0
1505683062,21678043,3694.09,0.91300000,1
1505683057,21678041,3704.21,0.00938501,0
1505683028,21678028,3692.17,0.02248000,1
1505683027,21678027,3710.26,0.04118836,0
1505683026,21678026,3710.25,0.02237196,0
1505683026,21678025,3710.00,0.05000000,0
1505683026,21678024,3709.00,0.10112046,0
1505683026,21678023,3709.00,0.02241147,1
1505683025,21678022,3703.46,0.01300000,0
1505683018,21678009,3693.41,0.02247264,1
1505683017,21678008,3710.00,0.03966790,1
1505683015,21678007,3710.00,0.02500000,0
1505683015,21678006,3709.92,0.02237257,0
1505683015,21678005,3709.89,0.02239611,0
1505683015,21678004,3708.97,0.39056342,0
1505682988,21677994,3709.86,0.20030000,0
1505682972,21677978,3709.84,0.13284912,0
1505682969,21677977,3709.87,0.04133758,1
1505682969,21677976,3708.39,0.03100000,1
1505682968,21677975,3705.00,0.02500000,0
1505682968,21677974,3705.00,0.10000000,0
1505682968,21677972,3704.00,0.02700000,1
1505682966,21677970,3699.61,0.02600000,0
1505682963,21677966,3690.95,0.36000000,1
1505682962,21677965,3690.95,0.04225725,1
1505682962,21677964,3690.98,0.01026664,1
1505682952,21677962,3704.37,0.73595627,0
1505682951,21677961,3704.35,0.14690273,0
1505682951,21677960,3702.00,0.03014100,0
1505682951,21677959,3693.46,0.08700000,0
1505682951,21677958,3693.52,0.91300000,1
1505682928,21677953,3707.18,0.02829821,0
1505682926,21677952,3693.35,0.02247294,1
1505682924,21677949,3706.00,0.02648450,1
1505682910,21677943,3692.86,0.02247580,0
1505682908,21677942,3709.90,0.04146851,1
1505682906,21677933,3709.90,0.05229849,1
1505682905,21677932,3709.86,0.25005795,0
1505682903,21677930,3692.83,0.37246248,0
1505682902,21677928,3705.00,0.97753752,0
1505682902,21677927,3695.05,0.02246248,0
1505682899,21677923,3695.08,0.16505538,1
1505682899,21677922,3706.00,0.00000233,1
1505682882,21677916,3706.03,0.36237425,1
1505682877,21677911,3706.00,0.01650567,1
1505682871,21677903,3705.84,0.00349200,0
1505682870,21677902,3705.27,0.00302715,1
1505682870,21677900,3705.32,0.08992632,1
1505682866,21677893,3705.84,0.01000000,0
1505682866,21677892,3705.38,0.16507717,1
1505682853,21677880,3705.28,0.05250389,1
1505682852,21677878,3705.28,0.02248418,1
1505682851,21677876,3705.28,0.01000000,1
1505682850,21677872,3705.28,0.07261797,1
1505682847,21677867,3705.81,0.02975912,1
1505682846,21677863,3705.81,0.02246764,1
1505682845,21677860,3710.47,0.85920613,0
1505682844,21677859,3710.46,0.14079387,0
1505682843,21677855,3710.46,0.69835164,1
1505682840,21677847,3710.46,0.97759848,1
1505682838,21677842,3705.84,0.12920300,1
1505682836,21677828,3710.46,0.02239768,0
1505682832,21677813,3705.74,0.04497618,1
1505682831,21677811,3705.74,0.02249903,1
1505682830,21677810,3705.74,0.25649399,0
1505682823,21677808,3705.35,0.08465952,0
1505682812,21677803,3691.14,0.13652375,0
1505682807,21677794,3691.18,0.03898641,1
1505682806,21677793,3708.38,0.06843689,1
1505682806,21677791,3706.11,0.03000000,0
1505682806,21677790,3705.74,4.84820000,0
1505682805,21677789,3702.89,0.20000000,0
1505682803,21677788,3691.17,0.24390891,0
1505682801,21677786,3691.16,0.11323473,0
1505682798,21677780,3702.54,1.50190889,0
1505682797,21677778,3699.00,1.68852565,0
1505682793,21677771,3702.88,2.40412057,1
1505682792,21677770,3702.61,0.22000000,0
1505682792,21677769,3702.55,2.68940000,1
1505682792,21677768,3701.72,0.02600000,0
1505682791,21677767,3701.71,0.02244863,1
1505682789,21677766,3697.33,0.03200000,0
1505682766,21677764,3691.03,0.00597724,1
1505682756,21677757,3699.97,0.00941500,0
1505682747,21677755,3699.88,0.07893228,1
1505682747,21677753,3699.77,0.24000000,0
1505682746,21677750,3696.97,4.97120000,1
1505682746,21677749,3695.59,0.05700000,0
1505682744,21677748,3691.21,0.05500000,0
1505682711,21677722,3688.00,0.08230563,1
1505682711,21677721,3690.53,0.02027437,1
1505682706,21677716,3690.53,0.01906100,1
1505682706,21677715,3690.53,0.03211714,1
1505682704,21677713,3690.53,0.02254749,1
1505682683,21677687,3688.00,0.02252356,1
1505682678,21677686,3688.00,0.02257638,1
1505682675,21677684,3690.53,0.02516636,1
1505682669,21677676,3690.87,0.81502193,1
1505682667,21677675,3690.53,4.59659902,0
1505682664,21677674,3690.53,0.15718000,0
1505682655,21677673,3688.00,0.02252795,1
1505682649,21677671,3688.00,0.13927224,1
1505682641,21677667,3690.53,0.12789155,0
1505682633,21677663,3688.00,0.01726582,1
1505682625,21677660,3689.92,1.00000000,1
1505682624,21677654,3690.00,0.00715248,0
1505682622,21677652,3690.00,4.75000000,1
1505682614,21677649,3690.00,0.25000000,1
1505682586,21677615,3690.73,1.00000000,0
1505682585,21677613,3694.02,0.67499965,1
1505682584,21677612,3694.02,0.02250542,0
1505682584,21677611,3694.02,0.02249493,0
1505682584,21677610,3694.00,0.28000000,0
1505682582,21677606,3693.99,0.25710431,0
1505682581,21677605,3691.18,0.74289569,0
1505682579,21677603,3691.18,1.00000000,0
1505682577,21677602,3691.18,1.00000000,0
1505682574,21677599,3691.18,1.00000000,0
1505682572,21677594,3691.18,1.00000000,0
1505682569,21677589,3694.01,0.02000000,1
1505682568,21677587,3688.00,0.02258196,1
1505682565,21677582,3689.72,0.02258202,1
1505682564,21677580,3693.98,2.18207158,1
1505682563,21677579,3693.98,1.82600000,1
1505682563,21677578,3693.98,0.91300000,1
1505682563,21677576,3690.93,0.05500000,0
1505682563,21677575,3690.52,0.02249505,1
1505682562,21677574,3690.52,0.07500000,1
1505682561,21677573,3690.52,0.31000000,0
1505682561,21677572,3689.72,0.02352485,0
1505682560,21677571,3689.69,0.02250957,0
1505682559,21677570,3689.67,0.02250957,0
1505682559,21677569,3689.65,0.91300000,0
1505682559,21677568,3675.50,0.02258202,1
1505682558,21677567,3675.49,0.26115095,0
1505682557,21677566,3685.00,1.00000000,0
1505682557,21677565,3685.00,0.08884905,0
1505682556,21677564,3689.68,0.55000000,0
1505682555,21677563,3687.32,0.02258202,1
1505682554,21677561,3675.48,0.02258208,1
1505682552,21677560,3686.56,0.05300000,0
1505682552,21677559,3686.55,0.02252123,0
1505682550,21677558,3685.41,0.02258233,1
1505682547,21677553,3682.19,0.05700000,0
1505682544,21677552,3685.40,0.02252130,1
1505682543,21677551,3685.40,0.00136664,1
1505682543,21677550,3685.40,0.32239569,1
1505682540,21677548,3685.37,0.02258257,1
1505682540,21677546,3685.37,0.02252148,1
1505682538,21677545,3685.37,0.02258282,1
1505682537,21677543,3685.41,0.05494824,0
1505682537,21677542,3685.38,0.02253028,0
1505682537,21677541,3685.37,0.02252148,0
1505682535,21677538,3685.37,0.02258343,1
1505682534,21677537,3685.37,0.02253028,0
1505682534,21677536,3685.36,0.02252154,0
1505682532,21677535,3685.36,0.02258306,1
1505682531,21677534,3685.36,0.02252154,0
1505682531,21677533,3685.32,0.02240814,0
1505682530,21677532,3685.36,0.39971047,1
1505682528,21677529,3685.36,0.02258343,1
1505682527,21677526,3685.32,0.02253028,0
1505682526,21677521,3675.26,0.02258368,1
1505682524,21677506,3675.25,0.02258349,0
1505682520,21677492,3683.93,0.02260656,1
1505682519,21677490,3683.93,0.09000000,0
1505682519,21677489,3683.92,0.02253034,0
1505682516,21677487,3683.92,0.32498770,0
1505682510,21677479,3683.66,0.45137016,0
1505682510,21677478,3683.66,0.86433215,0
1505682510,21677477,3682.00,1.00000000,0
1505682510,21677476,3681.99,2.69320000,0
1505682509,21677475,3681.99,0.00520000,1
1505682509,21677474,3681.05,0.07900000,0
1505682509,21677473,3679.57,0.11300000,0
1505682508,21677469,3676.69,0.09700000,0
1505682508,21677467,3675.21,0.12100000,0
1505682507,21677466,3672.33,0.00000541,0
1505682504,21677463,3672.33,0.01976100,0
1505682502,21677460,3672.33,0.06973800,0
1505682495,21677457,3672.33,0.00049559,0
1505682494,21677454,3670.85,0.00466969,0
1505682487,21677453,3670.85,0.02161897,0
1505682478,21677442,3670.85,0.01792800,0
1505682472,21677431,3670.85,0.01731970,0
1505682460,21677410,3670.85,0.03144600,0
1505682439,21677397,3670.85,0.01790808,0
1505682430,21677392,3670.85,0.02510956,0
1505682417,21677387,3670.03,0.32239569,1
1505682415,21677385,3677.55,0.43107900,0
1505682415,21677384,3673.38,0.27900000,0
1505682413,21677383,3669.02,0.24255197,0
1505682409,21677373,3669.02,0.01844803,0
1505682388,21677361,3668.00,0.45125070,0
1505682386,21677359,3668.00,0.96699607,0
1505682385,21677357,3668.00,1.00000000,0
1505682382,21677355,3668.00,0.60000000,0
1505682381,21677353,3668.00,0.11607000,0
1505682379,21677352,3668.00,9.33581468,0
1505682370,21677333,3668.00,0.07151942,0
1505682365,21677312,3668.00,0.60000000,0
1505682364,21677311,3667.97,1.00000000,0
1505682352,21677297,3668.00,0.24527574,0
1505682348,21677294,3668.00,0.15056300,0
1505682318,21677270,3668.00,0.15554496,0
1505682317,21677268,3668.00,0.44809870,1
1505682317,21677267,3669.11,1.00000000,1
1505682317,21677266,3669.12,0.13400000,1
1505682313,21677263,3673.83,0.02247350,0
1505682312,21677262,3673.83,0.10840054,0
1505682305,21677256,3670.00,4.99000000,0
1505682303,21677252,3670.00,0.01000000,1
1505682295,21677251,3674.88,0.12077953,0
1505682290,21677249,3670.00,3.05009789,0
1505682282,21677244,3669.01,0.02500000,1
1505682279,21677238,3670.00,0.02251846,0
1505682278,21677237,3674.93,1.92738365,1
1505682277,21677235,3674.93,0.00536000,0
1505682251,21677176,3677.23,0.01000000,0
1505682250,21677168,3677.23,0.05278188,0
1505682248,21677157,3677.20,0.02127380,0
1505682242,21677139,3669.04,0.02262190,1
1505682238,21677133,3666.06,0.79114376,0
1505682238,21677131,3666.67,0.03000000,1
1505682238,21677128,3668.05,0.00271260,1
1505682237,21677126,3668.29,0.02250572,1
1505682237,21677122,3668.67,0.02252612,1
1505682235,21677110,3669.00,0.09111180,1
1505682232,21677099,3669.00,0.21174895,1
1505682231,21677098,3669.00,0.62735174,1
1505682231,21677097,3669.00,1.06977958,1
1505682231,21677096,3669.00,0.00000793,1
1505682231,21677094,3672.00,0.03000000,1
1505682230,21677093,3675.84,0.05246821,1
1505682222,21677051,3675.94,0.94753580,1
1505682222,21677050,3675.94,0.05246420,1
1505682216,21676997,3682.99,0.01566461,0
1505682192,21676966,3684.75,0.54400000,0
1505682191,21676961,3684.76,1.00000000,0
1505682190,21676959,3684.75,0.01800000,0
1505682184,21676954,3679.45,0.15153306,0
1505682182,21676946,3669.81,0.02261697,1
1505682182,21676945,3687.91,0.04866785,0
1505682182,21676944,3679.55,0.02255710,0
1505682180,21676943,3675.92,0.02604000,1
1505682179,21676942,3669.81,0.12000000,1
1505682178,21676941,3669.81,0.02261697,1
1505682176,21676939,3669.81,1.50340978,1
1505682175,21676937,3670.66,0.00980016,1
1505682175,21676936,3670.66,2.68850000,0
1505682175,21676934,3670.66,0.01354800,0
1505682175,21676931,3671.68,0.01240839,1
1505682174,21676930,3671.68,0.01008483,1
1505682174,21676929,3672.62,0.15000000,1
1505682174,21676928,3675.00,0.50000000,1
1505682173,21676927,3675.92,0.00536253,1
1505682173,21676926,3675.92,0.01713380,1
1505682173,21676925,3678.60,0.02243655,1
1505682173,21676924,3678.85,0.00010462,1
1505682172,21676923,3678.85,0.02233175,1
1505682172,21676922,3679.55,0.00012005,1
1505682172,21676920,3679.55,0.02231638,1
1505682170,21676918,3680.38,0.00459298,1
1505682170,21676917,3680.38,0.01785018,1
1505682169,21676916,3680.53,9.23440095,1
1505682168,21676915,3680.53,3.74921650,1
1505682166,21676914,3680.53,2.00000000,1
1505682165,21676913,3680.53,2.00000000,1
1505682165,21676912,3680.53,2.00000000,1
1505682164,21676911,3680.53,1.01638255,1
1505682164,21676910,3680.63,0.02235187,1
1505682164,21676909,3681.73,0.00009357,1
1505682164,21676908,3681.73,0.02233001,1
1505682162,21676906,3684.87,0.93884200,1
1505682143,21676879,3684.87,0.06115800,1
1505682133,21676848,3694.20,0.37386775,0
1505682133,21676847,3688.72,0.04374000,0
1505682133,21676846,3683.11,0.02253530,0
1505682127,21676801,3682.57,4.50800000,1
1505682127,21676800,3683.11,1.40500000,1
1505682125,21676793,3684.04,0.02240814,1
1505682125,21676786,3684.77,0.00000424,1
1505682125,21676783,3684.77,0.02240814,1
1505682118,21676754,3696.07,0.00313470,0
1505682117,21676751,3696.07,0.07122495,0
1505682116,21676748,3696.07,0.00387616,0
1505682110,21676744,3685.75,2.78400000,1
1505682110,21676743,3688.68,1.00000000,1
1505682110,21676742,3688.72,1.00000000,1
1505682110,21676741,3688.73,0.21600000,1
1505682093,21676733,3696.07,0.03446214,0
1505682083,21676727,3696.07,0.05400000,0
1505682064,21676711,3696.07,0.01170896,0
1505682052,21676704,3699.65,0.05738527,0
1505682022,21676697,3699.73,0.00500000,0
1505682006,21676688,3699.73,0.00269479,0
1505681980,21676681,3688.61,0.38138777,1
1505681979,21676680,3688.78,1.00000000,1
1505681979,21676679,3688.90,5.50000000,0
1505681979,21676678,3688.90,0.26800000,1
1505681979,21676677,3690.00,0.18366662,1
1505681978,21676676,3690.05,0.13000000,0
1505681977,21676675,3691.39,0.30593072,1
1505681933,21676650,3688.86,4.00000000,1
1505681933,21676649,3688.90,1.00000000,1
1505681913,21676634,3687.96,0.02250572,1
1505681900,21676630,3699.76,0.01532621,0
1505681887,21676627,3698.67,0.32766420,1
1505681886,21676625,3698.67,0.95337736,0
1505681861,21676619,3699.12,0.03300000,0
1505681855,21676616,3699.17,0.02442264,0
1505681822,21676589,3685.42,0.02252117,1
1505681821,21676588,3702.58,0.02800000,0
1505681820,21676587,3684.88,1.25733841,1
1505681819,21676586,3685.00,0.10000000,1
1505681819,21676585,3685.42,0.02242485,1
1505681819,21676584,3687.67,0.13000000,0
1505681817,21676582,3687.67,0.49023674,1
1505681811,21676574,3704.01,0.02220000,0
1505681806,21676562,3690.00,3.40917135,0
1505681806,21676561,3690.00,0.13000000,0
1505681805,21676559,3690.00,0.04543202,1
1505681805,21676558,3690.38,5.89337300,1
1505681805,21676557,3691.99,0.03302363,1
1505681804,21676556,3692.10,0.48900000,1
1505681797,21676543,3692.00,3.36351430,0
1505681794,21676526,3692.00,0.52594952,0
1505681793,21676522,3692.00,1.00000000,0
1505681792,21676512,3691.98,0.01240839,0
1505681791,21676508,3691.98,0.01008483,0
1505681786,21676491,3690.00,5.43331123,0
1505681784,21676486,3690.00,0.10835698,0
1505681782,21676485,3687.69,0.51100000,1
1505681778,21676482,3687.66,2.99227295,0
1505681778,21676481,3688.01,0.02241183,1
1505681778,21676480,3688.44,0.00011919,1
1505681778,21676479,3688.44,0.02224783,1
1505681777,21676478,3688.77,0.02236973,1
1505681777,21676477,3688.99,0.02237450,1
1505681776,21676475,3690.00,0.10000000,1
1505681776,21676474,3690.17,5.30000000,0
1505681776,21676473,3690.26,0.02239859,1
1505681775,21676472,3691.89,0.02238874,1
1505681775,21676471,3692.04,0.02238783,1
1505681775,21676470,3692.07,0.02238783,1
1505681774,21676469,3693.19,0.02238469,1
1505681774,21676468,3695.00,0.00295065,1
1505681774,21676467,3695.00,0.02909121,1
1505681773,21676466,3695.00,0.00500000,1
1505681771,21676464,3700.83,0.00310951,0
1505681771,21676463,3695.00,0.06590879,1
1505681770,21676462,3695.77,0.02235274,1
1505681770,21676461,3695.97,0.02233404,1
1505681770,21676460,3696.50,0.02235341,1
1505681769,21676459,3697.00,0.02523294,1
1505681769,21676458,3697.39,0.02233584,1
1505681767,21676455,3698.19,0.01948224,1
1505681762,21676443,3698.19,68.00000000,1
1505681753,21676429,3698.19,10.00000000,1
1505681749,21676428,3698.19,4.71926600,1
1505681749,21676427,3698.19,9.17070000,1
1505681749,21676426,3698.20,0.16000000,1
1505681742,21676425,3700.85,0.00500000,0
1505681739,21676424,3698.19,8.59055176,1
1505681738,21676423,3698.20,0.16000000,1
1505681738,21676422,3698.20,0.68895524,1
1505681731,21676417,3700.85,1.54873533,0
1505681730,21676416,3699.35,0.00010462,0
1505681730,21676415,3699.34,0.00012005,0
1505681727,21676411,3699.32,0.05384936,1
1505681726,21676407,3699.32,0.02243655,0
1505681724,21676402,3699.32,0.00899998,0
1505681721,21676399,3699.32,0.47891649,1
1505681719,21676398,3699.32,7.30078351,1
1505681712,21676391,3703.74,0.01474419,0
1505681711,21676385,3699.51,0.02188253,0
1505681711,21676382,3700.00,3.02031721,1
1505681710,21676381,3700.00,2.01622627,1
1505681710,21676379,3700.00,0.10000000,1
1505681710,21676378,3700.25,0.91300000,1
1505681710,21676377,3701.09,0.00845815,1
1505681710,21676376,3701.09,0.01386021,1
1505681709,21676375,3703.83,0.72051055,0
1505681709,21676373,3703.74,0.74041088,0
1505681709,21676370,3701.46,0.00009357,0
1505681705,21676367,3703.83,0.00607900,0
1505681704,21676362,3703.83,0.01473150,0
1505681704,21676361,3703.83,0.42004055,0
1505681703,21676359,3701.48,0.00345792,0
1505681702,21676357,3701.48,0.02235148,1
1505681702,21676356,3701.49,0.02233175,1
1505681702,21676355,3701.51,0.91300000,1
1505681701,21676354,3703.02,0.00232166,1
1505681701,21676353,3703.02,0.02000000,1
1505681701,21676352,3703.05,0.04653719,1
1505681697,21676345,3709.07,0.34999899,0
1505681697,21676344,3709.07,0.01026914,0
1505681697,21676343,3706.63,0.09773086,0
1505681695,21676342,3706.63,0.00226914,1
1505681695,21676341,3709.07,0.05688488,0
1505681687,21676334,3706.63,0.02000000,1
1505681683,21676330,3714.11,0.08086501,0
1505681677,21676323,3714.11,0.23534088,0
1505681675,21676321,3711.53,0.30075650,1
1505681673,21676319,3714.11,0.09325052,0
1505681664,21676313,3719.12,0.00765627,0
1505681661,21676289,3711.53,0.07649765,1
1505681661,21676288,3711.53,0.46000000,1
1505681658,21676285,3709.58,0.02237450,1
1505681656,21676284,3719.18,0.48317231,0
1505681656,21676283,3716.30,0.02233404,0
1505681656,21676282,3716.29,0.02235341,0
1505681649,21676276,3707.45,5.82799990,0
1505681649,21676273,3707.45,0.41383829,1
1505681648,21676272,3707.70,0.02226627,1
1505681648,21676271,3708.88,0.50000000,1
1505681648,21676270,3708.90,0.02225684,1
1505681648,21676269,3709.58,0.00674982,0
1505681646,21676266,3709.58,0.02225028,1
1505681640,21676263,3710.82,0.00011919,0
1505681633,21676262,3718.36,0.02220177,1
1505681633,21676261,3718.55,0.02226221,1
1505681633,21676260,3718.96,0.02219307,1
1505681632,21676259,3719.06,0.02220141,1
1505681632,21676258,3719.16,1.00000000,1
1505681625,21676254,3723.60,0.00500000,0
1505681625,21676252,3723.57,0.09310600,0
1505681616,21676250,3728.91,0.00373015,0
1505681607,21676243,3730.50,0.00353498,0
1505681597,21676240,3730.75,0.02400000,0
1505681582,21676233,3726.46,0.01241791,0
1505681556,21676228,3726.94,0.00311014,0
1505681538,21676222,3727.49,0.07056177,0
1505681511,21676213,3728.25,0.02839259,0
1505681502,21676212,3728.33,0.06214070,0
1505681482,21676204,3720.11,1.00000000,1
1505681480,21676202,3720.00,0.01028510,1
1505681478,21676201,3720.00,0.50000000,1
1505681470,21676190,3720.01,0.49732586,1
1505681463,21676180,3720.01,0.00267414,1
1505681462,21676176,3720.81,0.13906956,1
1505681452,21676172,3720.81,0.58730724,0
1505681451,21676169,3720.91,0.08427799,1
1505681451,21676168,3728.43,0.16281739,0
1505681442,21676162,3720.81,0.91572201,0
1505681441,21676159,3720.81,0.08427799,1
1505681439,21676156,3720.81,0.00271665,1
1505681414,21676143,3720.79,0.08700000,1
1505681413,21676142,3720.81,0.91300000,0
1505681391,21676134,3723.13,2.01391240,1
1505681391,21676133,3723.16,0.91300000,1
1505681391,21676132,3729.10,0.28678760,1
1505681385,21676128,3725.81,0.80151141,1
1505681385,21676127,3729.10,0.98469602,1
1505681343,21676114,3730.00,1.00000000,0
1505681338,21676112,3729.10,0.01530398,1
1505681254,21676092,3729.00,0.04483391,0
1505681230,21676089,3729.00,0.00200000,0
1505681201,21676086,3730.96,0.58404762,0
1505681171,21676076,3727.00,0.10000000,1
1505681136,21676067,3731.17,0.09301568,0
1505681127,21676066,3730.87,0.01763503,0
1505681113,21676059,3731.03,0.07621082,0
1505681102,21676058,3719.15,1.00000000,1
1505681095,21676052,3727.32,1.00000000,1
1505681086,21676044,3727.49,0.01607850,0
1505681084,21676042,3727.52,0.91300000,1
1505681047,21676037,3727.13,0.02226914,1
1505681046,21676036,3738.40,0.01186200,1
1505681046,21676035,3738.40,0.05000000,1
1505681033,21676034,3738.42,0.28658762,0
1505681033,21676033,3738.41,0.80041238,0
1505681033,21676032,3738.31,0.91300000,0
1505681026,21676031,3727.25,0.55056011,0
1505681025,21676030,3727.44,0.80040931,1
1505681025,21676029,3727.71,0.73603058,1
1505681025,21676028,3727.73,0.91300000,1
1505681009,21676016,3727.52,0.26396942,0
1505681003,21676014,3738.43,0.02821123,0
1505680994,21676013,3738.44,0.06352383,0
1505680994,21676012,3738.44,0.02220177,0
1505680987,21676010,3727.61,0.02226627,1
1505680986,21676009,3738.44,0.12014041,1
1505680985,21676008,3738.44,0.92408503,0
1505680954,21676007,3727.31,0.02000000,1
1505680941,21675986,3729.34,0.57000000,1
1505680940,21675985,3740.77,0.00352742,0
1505680940,21675984,3729.34,0.01860535,1
1505680932,21675983,3743.19,0.01231672,0
1505680930,21675982,3729.19,0.02225684,1
1505680929,21675980,3738.50,0.77061929,1
1505680928,21675979,3743.26,0.07052554,0
1505680925,21675978,3743.26,0.02451606,0
1505680913,21675966,3744.58,0.73316921,1
1505680908,21675962,3744.58,0.18161183,1
1505680907,21675961,3744.58,0.08521896,1
1505680901,21675960,3744.50,0.00000267,1
1505680897,21675955,3744.50,0.99999733,1
1505680895,21675952,3744.50,0.10997196,1
1505680894,21675949,3744.50,0.89002577,0
1505680891,21675946,3744.50,1.00000000,0
1505680889,21675945,3744.50,1.00000000,0
1505680886,21675944,3738.50,0.01608071,1
1505680886,21675943,3744.50,1.00000000,0
1505680884,21675942,3744.50,1.00000000,0
1505680882,21675941,3744.50,1.00000000,0
1505680880,21675940,3744.50,0.87230838,0
1505680880,21675939,3744.48,0.12769162,0
1505680874,21675934,3744.48,0.01309400,1
1505680868,21675929,3744.48,0.04812445,1
1505680865,21675926,3744.48,0.90500000,0
1505680863,21675924,3744.48,0.00800000,0
1505680860,21675922,3741.00,4.10150279,0
1505680858,21675919,3741.00,0.01045094,0
1505680856,21675918,3739.41,0.69549231,1
1505680856,21675917,3740.00,0.00012539,1
1505680856,21675916,3740.00,0.10000000,0
1505680855,21675915,3740.00,0.09987461,0
1505680850,21675914,3739.41,0.10373150,0
1505680839,21675895,3739.00,1.51446790,0
1505680839,21675894,3738.99,0.02220141,0
1505680834,21675888,3738.50,0.00232561,0
1505680775,21675880,3739.00,0.07052655,0
1505680763,21675879,3729.33,0.02227829,1
1505680746,21675861,3739.00,0.02454399,0
1505680740,21675857,3729.33,0.45760803,1
1505680736,21675842,3729.41,0.23569603,1
1505680735,21675838,3729.44,0.23569604,1
1505680717,21675830,3739.00,0.04000000,0
1505680707,21675826,3729.50,0.21202363,1
1505680706,21675825,3729.48,0.01871864,1
1505680705,21675824,3739.00,0.00506820,0
1505680701,21675819,3729.42,0.26081500,1
1505680686,21675809,3739.00,0.02080770,0
1505680684,21675808,3739.00,0.30962100,0
1505680646,21675767,3739.00,0.01496466,0
1505680646,21675766,3738.99,0.02226221,0
1505680599,21675737,3739.10,0.15000000,0
1505680578,21675727,3739.13,0.09322788,0
1505680565,21675719,3737.34,0.07753500,0
1505680548,21675693,3737.22,0.02669075,0
1505680532,21675682,3737.34,0.01766383,0
1505680514,21675679,3737.31,0.00969000,0
1505680500,21675676,3739.13,0.07852821,0
1505680500,21675675,3739.13,1.97103398,0
1505680500,21675674,3739.03,1.82600000,0
1505680500,21675673,3737.43,0.80163423,0
1505680499,21675672,3737.41,0.91300000,0
1505680499,21675671,3732.47,0.03000000,0
1505680492,21675666,3722.77,0.09557599,1
1505680486,21675664,3722.75,0.10403181,1
1505680474,21675659,3725.00,3.95963265,0
1505680471,21675658,3722.63,0.01342717,1
1505680470,21675656,3725.00,0.03107741,0
1505680460,21675651,3725.00,0.18894713,0
1505680458,21675649,3725.00,0.56665108,0
1505680450,21675647,3725.00,0.01000000,0
1505680445,21675641,3725.00,0.12318121,0
1505680423,21675633,3725.00,0.07733857,0
1505680415,21675632,3725.00,0.01705397,0
1505680400,21675625,3725.00,0.02611798,0
1505680367,21675622,3729.12,0.02325482,0
1505680365,21675621,3729.11,0.00818694,0
1505680347,21675619,3729.54,0.01518172,0
1505680347,21675617,3729.52,0.07051321,0
1505680307,21675596,3729.54,0.00318147,0
1505680307,21675595,3721.42,0.00203000,1
1505680301,21675588,3721.42,0.19612800,1
1505680301,21675587,3721.43,0.24200000,1
1505680271,21675569,3729.46,0.02300000,0
1505680253,21675549,3729.69,0.20495304,0
1505680249,21675544,3721.42,0.26591546,1
1505680236,21675522,3721.44,0.17557271,1
1505680236,21675521,3721.44,0.01701690,1
1505680236,21675520,3721.44,0.04242840,1
1505680235,21675519,3721.44,0.31639380,1
1505680235,21675518,3721.44,0.24690000,1
1505680215,21675510,3728.96,0.00856886,0
1505680150,21675493,3721.45,0.02632400,1
1505680085,21675489,3734.43,0.09311639,0
1505680076,21675487,3736.66,0.00930642,0
1505680031,21675478,3739.41,0.04965985,0
1505680026,21675476,3738.50,0.24814230,1
1505680025,21675475,3739.64,0.01863224,0
1505680023,21675473,3725.52,3.59781319,1
1505680023,21675472,3725.53,0.80164564,1
1505679992,21675458,3736.88,0.00310404,0
1505679973,21675449,3735.97,0.02700000,0
1505679972,21675446,3736.02,0.02000000,0
1505679930,21675428,3733.47,0.01764758,0
1505679923,21675426,3733.70,0.02211142,0
1505679922,21675425,3719.24,0.02231638,0
1505679912,21675424,3718.23,1.54264240,0
1505679911,21675423,3718.95,0.02219251,1
1505679911,21675421,3721.03,0.91300000,0
1505679911,21675420,3721.03,1.00000000,0
1505679909,21675418,3724.68,0.02216509,1
1505679872,21675411,3731.90,0.00621182,0
1505679821,21675398,3731.93,0.09311456,0
1505679820,21675397,3731.93,0.00208807,0
1505679787,21675379,3731.93,0.24600139,0
1505679785,21675378,3730.00,0.00258000,0
1505679784,21675375,3730.00,0.26742000,1
1505679728,21675359,3730.00,0.62014322,1
1505679688,21675334,3733.72,0.02230357,0
1505679679,21675329,3733.74,0.06768761,0
1505679665,21675323,3730.00,0.00266756,1
1505679665,21675321,3730.00,2.66010000,1
1505679664,21675318,3730.00,0.98107070,1
1505679664,21675317,3730.00,0.01314100,0
1505679664,21675316,3730.00,3.06067752,0
1505679664,21675315,3729.86,2.66220000,0
1505679638,21675300,3730.00,0.01421000,0
1505679638,21675299,3729.75,0.01892930,0
1505679606,21675292,3729.99,0.12301642,0
1505679606,21675290,3729.99,0.24870844,0
1505679576,21675256,3729.99,0.02574351,0
1505679566,21675245,3729.99,0.01550085,0
1505679519,21675192,3729.99,2.00771584,0
1505679514,21675181,3729.99,0.08000000,0
1505679501,21675168,3729.99,0.07000000,0
1505679487,21675151,3729.99,0.01000000,0
1505679485,21675150,3729.99,0.06150687,0
1505679478,21675144,3730.00,0.31416784,0
1505679475,21675137,3729.99,1.77000000,0
1505679474,21675135,3729.99,0.01000000,0
1505679466,21675120,3729.99,0.02800000,0
1505679460,21675113,3730.00,1.61094464,1
1505679456,21675112,3733.00,0.01000000,0
1505679443,21675104,3736.65,0.00836578,0
1505679437,21675100,3736.65,0.69454906,0
1505679437,21675099,3736.64,2.65690000,0
1505679433,21675098,3736.65,0.02778594,0
1505679412,21675084,3736.28,0.01900000,0
1505679380,21675073,3733.93,0.00313868,0
1505679365,21675072,3739.09,0.01000000,0
1505679360,21675070,3739.13,0.05108957,0
1505679347,21675067,3730.00,0.03205536,1
1505679347,21675066,3735.00,0.03054968,1
1505679331,21675055,3730.00,0.35700000,1
1505679331,21675054,3730.01,0.64300000,1
1505679329,21675053,3730.01,1.00000000,1
1505679327,21675048,3730.00,1.00000000,1
1505679325,21675046,3730.00,1.00000000,1
1505679321,21675043,3730.00,1.00000000,1
1505679319,21675042,3730.00,1.00000000,1
1505679317,21675041,3730.02,0.91300000,0
1505679316,21675038,3730.02,0.01000000,0
1505679313,21675037,3730.02,0.14005875,0
1505679311,21675036,3730.02,0.91300000,1
1505679311,21675035,3730.03,0.02211922,1
1505679310,21675033,3739.15,0.14005875,0
1505679308,21675032,3739.20,0.07046856,0
1505679306,21675030,3730.35,0.91300000,1
1505679303,21675028,3739.23,0.10828600,0
1505679291,21675025,3741.60,3.48435962,0
1505679291,21675024,3740.00,0.50000000,0
1505679291,21675023,3739.99,0.41509921,0
1505679290,21675022,3730.29,0.02225028,1
1505679288,21675021,3740.00,0.50000000,1
1505679286,21675020,3744.43,0.12000000,0
1505679280,21675016,3740.00,0.21038560,1
1505679280,21675015,3740.00,0.00989079,1
1505679279,21675014,3740.00,0.13837450,1
1505679278,21675013,3740.00,0.37944130,1
1505679278,21675011,3744.49,0.02000000,1
1505679261,21674991,3740.00,0.04065962,1
1505679261,21674990,3740.00,0.08496410,1
1505679245,21674982,3740.00,0.01938400,1
1505679244,21674980,3740.00,0.01362451,1
1505679233,21674977,3740.00,0.04537803,1
1505679219,21674971,3740.00,0.01938400,1
1505679210,21674964,3740.00,0.01516447,1
1505679203,21674954,3744.49,0.00193977,0
1505679176,21674915,3742.74,0.02889444,0
1505679153,21674894,3742.75,0.79000000,0
1505679152,21674893,3740.00,0.23373468,1
1505679152,21674892,3740.00,0.02536865,1
1505679152,21674891,3740.16,0.02206871,1
1505679150,21674884,3742.75,0.09887382,0
1505679150,21674883,3742.75,0.02205807,0
1505679147,21674879,3744.32,0.05328070,1
1505679145,21674878,3744.34,0.08581300,0
1505679145,21674877,3740.16,0.02219251,0
1505679143,21674874,3744.50,33.52385124,0
1505679143,21674873,3744.49,0.21000000,0
1505679143,21674871,3743.74,0.02217034,0
1505679143,21674870,3743.68,0.02217068,0
1505679143,21674869,3743.38,0.02217251,0
1505679142,21674868,3742.93,0.00961635,0
1505679142,21674867,3742.93,0.01255875,0
1505679142,21674866,3742.80,0.02217593,0
1505679142,21674865,3742.23,0.02217930,0
1505679142,21674864,3741.93,0.00909464,0
1505679142,21674863,3741.93,0.01308645,0
1505679142,21674862,3741.66,0.02218267,0
1505679142,21674861,3741.56,0.02218326,0
1505679142,21674860,3741.39,0.02218430,0
1505679141,21674859,3740.62,0.02218888,0
1505679141,21674858,3740.17,0.02218470,0
1505679139,21674855,3740.00,0.07463135,0
1505679135,21674851,3740.00,0.03000000,0
1505679131,21674846,3740.00,0.01100000,0
1505679131,21674841,3740.00,0.05000000,0
1505679129,21674837,3740.00,0.02207275,0
1505679128,21674836,3740.00,1.18181390,0
1505679128,21674835,3740.00,0.01040000,0
1505679128,21674834,3739.42,0.02219597,0
1505679128,21674832,3739.41,0.01119603,0
1505679127,21674831,3739.41,0.01100000,0
1505679127,21674829,3738.43,0.02220184,0
1505679127,21674828,3738.37,0.00876318,0
1505679127,21674826,3738.37,0.01343900,0
1505679126,21674823,3738.26,0.00012028,0
1505679124,21674820,3738.19,0.02220278,0
1505679123,21674818,3738.19,0.00000053,0
1505679123,21674817,3737.78,0.02220571,0
1505679123,21674816,3737.45,0.02220766,0
1505679123,21674815,3737.37,0.02220816,0
1505679123,21674814,3736.80,0.02220194,0
1505679122,21674813,3736.68,0.02221226,0
1505679122,21674812,3736.40,0.02221388,0
1505679122,21674811,3736.09,0.00931191,0
1505679121,21674810,3735.42,0.02221975,0
1505679121,21674809,3735.37,0.02220326,0
1505679118,21674806,3735.17,0.73005483,0
1505679116,21674805,3735.17,1.00000000,0
1505679115,21674802,3735.17,3.94325039,0
1505679114,21674797,3735.17,1.00000000,0
1505679113,21674796,3735.17,0.02000000,0
1505679113,21674795,3735.17,4.88946382,0
1505679111,21674792,3735.17,1.00000000,0
1505679110,21674790,3735.17,1.77000000,0
1505679109,21674789,3735.17,1.00000000,0
1505679108,21674788,3735.17,0.50000000,0
1505679107,21674787,3735.17,1.00000000,0
1505679106,21674786,3735.17,8.93000000,0
1505679104,21674782,3735.17,1.00000000,0
1505679104,21674780,3735.17,0.00882873,0
1505679102,21674778,3735.17,1.00000000,0
1505679102,21674777,3734.24,0.02200000,1
1505679101,21674776,3735.17,0.08000000,0
1505679100,21674775,3735.17,9.04910000,0
1505679100,21674774,3734.24,0.02900000,0
1505679099,21674773,3735.17,1.00000000,0
1505679098,21674772,3735.17,1.77000000,0
1505679097,21674771,3735.17,0.17702600,0
1505679096,21674770,3735.17,8.00000000,0
1505679092,21674766,3735.17,0.10000000,0
1505679091,21674765,3735.17,1.35700000,0
1505679089,21674764,3735.17,0.25000000,0
1505679088,21674763,3735.17,0.01100000,0
1505679087,21674758,3735.17,0.98131400,0
1505679086,21674756,3735.17,1.38387900,0
1505679078,21674754,3735.16,0.12211200,0
1505679077,21674752,3735.16,0.11788800,0
1505679071,21674742,3735.17,1.71700000,0
1505679071,21674741,3735.16,0.26000000,0
1505679071,21674740,3735.14,0.91300000,0
1505679064,21674732,3735.16,0.00775606,0
1505679055,21674729,3725.21,0.75231766,1
1505679029,21674725,3735.16,0.17266730,0
1505679004,21674715,3735.16,0.00869700,0
1505678981,21674705,3735.17,5.93707433,0
1505678980,21674704,3735.16,0.29000000,0
1505678980,21674703,3735.16,2.65700000,0
1505678963,21674700,3735.16,0.01356656,0
1505678952,21674692,3735.14,0.04790000,1
1505678947,21674686,3735.14,2.65560000,1
1505678945,21674685,3734.00,3.00000000,0
1505678945,21674684,3733.98,2.65510000,0
1505678941,21674683,3733.98,0.66700709,0
1505678931,21674674,3734.49,0.61653452,0
1505678930,21674670,3734.50,0.02210680,0
1505678926,21674663,3734.53,0.07081379,0
1505678920,21674660,3734.64,0.26055797,0
1505678920,21674659,3731.59,0.00675127,0
1505678920,21674658,3731.31,0.02223234,0
1505678920,21674657,3731.11,0.02224542,0
1505678908,21674651,3730.78,0.02224783,0
1505678907,21674650,3730.73,0.32954337,0
1505678893,21674632,3730.70,0.04201719,1
1505678890,21674630,3730.73,0.79465196,1
1505678886,21674628,3730.79,0.02210952,0
1505678885,21674626,3729.39,0.02223965,0
1505678885,21674625,3728.97,0.00574315,0
1505678884,21674624,3728.97,0.01650322,0
1505678884,21674623,3728.55,0.00634961,0
1505678884,21674622,3728.01,0.00013217,0
1505678864,21674615,3727.94,0.06043463,0
1505678864,21674614,3724.71,0.01054980,0
1505678824,21674565,3724.71,0.01173368,0
1505678824,21674563,3724.36,0.02228240,0
1505678824,21674561,3724.23,0.02228516,0
1505678824,21674560,3724.14,0.05179276,0
1505678795,21674549,3724.14,0.09370724,0
1505678711,21674519,3723.76,0.90415816,0
1505678708,21674518,3723.85,0.05311470,0
1505678697,21674517,3720.03,0.00367095,1
1505678690,21674514,3724.12,0.00410000,0
1505678686,21674512,3724.12,0.01632911,0
1505678579,21674430,3720.00,0.08149800,0
1505678578,21674427,3717.43,0.00808187,1
1505678560,21674421,3720.00,0.01403500,0
1505678557,21674420,3717.40,0.05770484,0
1505678538,21674401,3717.40,0.10899516,0
1505678537,21674400,3717.39,0.02233584,0
1505678526,21674398,3716.00,0.00931191,0
1505678523,21674397,3716.00,0.00768809,0
1505678523,21674396,3716.00,0.07214345,0
1505678523,21674395,3713.03,0.02445831,0
1505678523,21674394,3713.02,0.05111215,0
1505678504,21674391,3713.02,0.01358081,0
1505678495,21674388,3713.02,0.09565343,0
1505678474,21674376,3713.02,0.06106297,0
1505678474,21674375,3708.10,0.00983046,0
1505678470,21674374,3704.58,0.00207629,0
1505678444,21674355,3704.03,0.01100000,1
1505678432,21674343,3711.92,0.10904084,0
1505678420,21674328,3711.96,0.07800899,0
1505678420,21674327,3704.58,0.00000006,0
1505678418,21674321,3704.58,0.74343600,0
1505678413,21674304,3704.00,0.01264000,1
1505678412,21674291,3704.00,0.17499653,1
1505678409,21674280,3704.58,1.01726500,0
1505678409,21674274,3704.58,0.78060800,0
1505678408,21674269,3704.00,0.16306894,1
1505678408,21674268,3704.02,0.02228516,1
1505678408,21674267,3704.50,0.27000000,1
1505678408,21674266,3704.51,0.02228240,1
1505678408,21674265,3704.52,0.02226350,1
1505678406,21674264,3704.58,0.40800000,1
1505678405,21674262,3711.95,0.01556000,0
1505678373,21674260,3704.76,0.12596018,1
1505678372,21674258,3713.02,0.00141664,0
1505678360,21674249,3708.00,0.15000000,1
1505678354,21674244,3710.67,0.55341500,1
1505678353,21674237,3710.67,2.44658500,1
1505678350,21674230,3713.03,0.01220566,0
1505678314,21674205,3716.00,0.03400000,0
1505678304,21674203,3715.65,0.02045769,0
1505678275,21674194,3715.96,0.07893988,0
1505678263,21674179,3716.63,0.71700000,0
1505678262,21674178,3716.63,0.91300000,0
1505678260,21674170,3716.66,0.07102322,0
1505678258,21674165,3716.75,0.02221226,0
1505678256,21674158,3705.07,0.11731379,0
1505678239,21674084,3717.30,0.31172100,1
1505678231,21674080,3717.37,0.01694478,0
1505678220,21674078,3717.51,0.02220766,0
1505678219,21674077,3708.00,0.11100000,0
1505678219,21674076,3708.00,0.21324720,0
1505678207,21674073,3708.00,0.06563965,0
1505678188,21674064,3708.00,0.60602065,0
1505678165,21674051,3707.97,0.63218688,0
1505678155,21674035,3708.00,0.02224256,0
1505678135,21674013,3707.60,0.01366594,0
1505678120,21674006,3708.00,0.00936773,0
1505678120,21674005,3704.24,0.00000571,0
1505678118,21674002,3704.24,0.03775560,0
1505678104,21673993,3707.75,0.03029300,0
1505678103,21673992,3704.01,0.02998870,1
1505678103,21673991,3707.75,0.06231100,0
1505678100,21673942,3707.77,0.02165425,0
1505678095,21673937,3707.95,0.01538600,0
1505678086,21673930,3707.95,0.04279400,0
1505678085,21673926,3704.00,0.39355759,1
1505678084,21673925,3704.01,0.03273500,1
1505678084,21673923,3704.01,0.17842284,1
1505678084,21673922,3704.01,0.18247000,0
1505678082,21673916,3707.97,0.05131457,1
1505678080,21673912,3708.00,0.06675026,0
1505678069,21673905,3707.97,0.07345188,0
1505678060,21673890,3707.99,0.09047361,0
1505678050,21673885,3704.00,0.05047600,1
1505678045,21673884,3708.00,0.12374595,0
1505678016,21673862,3709.63,0.00789095,0
1505677989,21673850,3704.00,1.73938500,1
1505677986,21673848,3710.00,0.06183827,0
1505677986,21673846,3710.00,0.12367924,0
1505677974,21673838,3710.00,0.01000000,0
1505677973,21673837,3704.90,0.34681580,1
1505677968,21673832,3704.00,0.79674146,1
1505677968,21673831,3704.01,0.03325854,1
1505677955,21673823,3704.01,0.02240814,1
1505677950,21673822,3704.00,3.73040092,1
1505677950,21673821,3704.02,0.91300000,1
1505677950,21673820,3704.77,7.60950000,1
1505677950,21673819,3704.80,0.37397146,1
1505677942,21673814,3704.00,25.64805820,1
1505677942,21673813,3704.01,0.05000000,1
1505677942,21673812,3704.75,7.61220000,1
1505677942,21673811,3704.77,0.91300000,1
1505677941,21673810,3705.00,0.10000000,1
1505677941,21673809,3705.03,0.01354864,1
1505677941,21673808,3705.03,0.00876318,1
1505677941,21673807,3705.59,0.00675127,1
1505677941,21673806,3706.77,1.17413813,1
1505677941,21673805,3708.00,0.01040000,1
1505677941,21673804,3708.00,0.01502173,1
1505677927,21673801,3708.00,0.60000000,1
1505677926,21673800,3708.53,0.02228348,1
1505677923,21673796,3710.00,0.03112500,0
1505677917,21673794,3710.00,0.06658524,0
1505677896,21673782,3710.00,0.01770645,0
1505677891,21673780,3710.00,0.10000000,1
1505677887,21673778,3710.37,0.08263300,0
1505677874,21673772,3710.37,0.01452955,0
1505677870,21673770,3710.37,0.00494979,1
1505677869,21673768,3710.37,0.00268048,1
1505677867,21673767,3716.09,0.02830779,0
1505677865,21673762,3715.43,0.63091416,1
1505677850,21673752,3710.37,0.02236973,1
1505677834,21673737,3712.01,0.02219300,0
1505677831,21673734,3712.01,0.00342665,0
1505677822,21673725,3712.01,0.01557787,0
1505677820,21673724,3712.01,0.01773300,0
1505677815,21673721,3711.94,0.26447152,0
1505677805,21673714,3712.01,0.05000000,0
1505677795,21673711,3712.01,0.06000000,1
1505677788,21673705,3712.00,9.73000000,1
1505677788,21673704,3712.01,0.07000000,1
1505677781,21673699,3716.08,0.05845391,0
1505677777,21673696,3712.00,8.44000000,1
1505677776,21673695,3712.01,0.07000000,1
1505677742,21673692,3717.94,0.03108800,0
1505677742,21673691,3712.01,0.00657000,1
1505677711,21673677,3712.00,12.03910670,1
1505677711,21673676,3712.01,0.09000000,1
1505677711,21673675,3712.02,0.01664322,1
1505677697,21673666,3712.02,0.00143000,1
1505677675,21673662,3713.93,2.04415100,0
1505677673,21673659,3713.93,0.19156257,0
1505677664,21673656,3713.90,0.00384000,0
1505677647,21673641,3712.00,6.18063133,1
1505677646,21673639,3712.01,0.11000000,1
1505677646,21673637,3712.03,0.91300000,1
1505677646,21673636,3712.03,1.82600000,1
1505677646,21673635,3712.78,0.02223965,1
1505677646,21673634,3715.00,0.10000000,1
1505677646,21673633,3715.22,0.02315340,1
1505677646,21673632,3715.22,0.04311962,1
1505677646,21673631,3716.17,0.78185600,1
1505677639,21673627,3718.83,0.07733157,0
1505677639,21673626,3718.83,0.04710139,0
1505677631,21673611,3715.22,0.02220194,0
1505677631,21673610,3715.22,0.07732892,0
1505677630,21673609,3715.22,0.02221975,1
1505677630,21673608,3715.24,0.03512360,1
1505677628,21673607,3718.99,0.04088030,0
1505677622,21673597,3719.17,0.11972700,0
1505677598,21673591,3720.90,0.03497246,0
1505677598,21673590,3717.21,0.00000582,0
1505677597,21673587,3717.21,0.01094360,0
1505677567,21673575,3720.89,0.03111972,0
1505677510,21673489,3720.93,0.00934565,0
1505677504,21673481,3720.93,0.03093300,0
1505677484,21673478,3720.85,0.01634317,0
1505677483,21673476,3720.86,0.07068748,0
1505677455,21673473,3720.93,0.03309875,0
1505677444,21673466,3716.00,4.61721098,1
1505677443,21673465,3716.03,0.38278902,1
1505677443,21673464,3720.93,0.07765700,0
1505677437,21673460,3716.00,0.07751523,1
1505677437,21673459,3716.01,0.14000000,1
1505677437,21673458,3716.01,0.01001077,1
1505677429,21673456,3720.93,0.02747575,0
1505677429,21673455,3719.51,0.00365073,0
1505677418,21673451,3716.00,49.80167398,1
1505677418,21673450,3716.01,0.04832602,1
1505677418,21673449,3716.01,0.15000000,1
1505677414,21673445,3719.48,0.14963515,1
1505677397,21673443,3723.93,0.03111252,0
1505677395,21673441,3722.45,0.14560835,0
1505677393,21673438,3722.53,0.11429000,0
1505677386,21673431,3722.71,0.06162682,0
1505677375,21673409,3722.90,0.00622683,0
1505677369,21673407,3723.03,0.03111252,0
1505677333,21673395,3725.31,0.01297338,0
