date,tid,price,amount,type
1505692846,21687776,0.07009660,0.07350000,0
1505692798,21687728,0.07009678,0.26500000,0
1505692679,21687688,0.07000400,1.98765000,0
1505692653,21687681,0.06984500,0.93058520,1
1505692561,21687620,0.06994971,0.31402560,0
1505692554,21687599,0.06994971,1.61664134,0
1505692553,21687596,0.06994972,1.61672978,1
1505692537,21687580,0.06994967,0.95606253,0
1505692513,21687553,0.06994500,1.91502200,0
1505692513,21687552,0.06994499,0.07262300,0
1505692513,21687551,0.06994499,2.78737700,0
1505692330,21687375,0.06985028,0.10000000,1
1505692321,21687370,0.07002889,0.26271400,1
1505692286,21687348,0.06989214,2.86000000,1
1505692222,21687297,0.06988703,0.10000000,1
1505692183,21687253,0.07008566,4.47846267,0
1505692183,21687251,0.07008565,2.86000000,0
1505692180,21687243,0.07008563,0.32351834,0
1505692142,21687226,0.07008581,2.50000000,0
1505692135,21687219,0.06992700,1.98765000,1
1505692135,21687218,0.06998000,0.26200000,1
1505692109,21687190,0.06988500,0.10000000,1
1505692108,21687185,0.07006371,0.32057837,0
1505692074,21687143,0.07007989,0.17628452,0
1505692057,21687119,0.06989400,1.98765000,0
1505692049,21687116,0.06987196,5.11299300,0
1505692048,21687115,0.06987193,5.03357600,0
1505692027,21687085,0.06985596,0.46275582,0
1505692015,21687073,0.06974100,1.98765000,1
1505692011,21687071,0.06974200,1.98765000,1
1505691992,21687063,0.06987279,1.84353840,0
1505691990,21687057,0.06987261,2.00066950,0
1505691967,21687039,0.06988300,1.98765000,0
1505691967,21687038,0.06987292,2.86000000,0
1505691823,21686938,0.06974200,4.00000000,0
1505691815,21686936,0.06973000,0.26291409,0
1505691754,21686908,0.06983000,0.29300000,1
1505691753,21686907,0.06983000,2.86000000,1
1505691753,21686906,0.06983800,1.98765000,1
1505691653,21686876,0.06998000,0.59713158,1
1505691653,21686875,0.06998000,1.98765000,1
1505691643,21686868,0.06998000,1.68066800,1
1505691643,21686867,0.06998000,1.07014100,1
1505691639,21686865,0.06998000,2.58478200,1
1505691630,21686855,0.06998000,4.44756219,1
1505691626,21686846,0.06998000,1.98765000,1
1505691622,21686819,0.06998000,4.12116406,1
1505691620,21686817,0.06998000,12.38938900,1
1505691618,21686809,0.06998000,2.73461825,1
1505691618,21686806,0.06998000,2.86621200,1
1505691601,21686751,0.06998000,3.56128655,1
1505691591,21686740,0.06998000,53.28905600,1
1505691586,21686736,0.07013119,0.37821827,0
1505691542,21686679,0.07005199,1.42948116,0
1505691527,21686674,0.07004000,0.29200000,0
1505691520,21686668,0.06998001,1.26226000,1
1505691517,21686662,0.06998000,6.28257505,1
1505691517,21686661,0.06998002,2.42600237,1
1505691517,21686660,0.06998003,6.06393958,1
1505691498,21686638,0.06998080,0.82790788,1
1505691492,21686622,0.06998989,1.31934000,1
1505691491,21686620,0.06998000,0.14276300,0
1505691406,21686583,0.06999997,0.35142309,0
1505691395,21686581,0.06984616,3.45110650,1
1505691382,21686568,0.06986000,0.29200000,1
1505691336,21686552,0.06986004,0.57536934,1
1505691325,21686549,0.06986004,0.67868910,1
1505691085,21686483,0.06991012,0.95720200,1
1505690944,21686388,0.06991095,0.00139000,1
1505690944,21686387,0.06993100,0.08041000,1
1505690942,21686386,0.06993100,1.90724000,1
1505690942,21686385,0.07000000,0.08180000,1
1505690836,21686333,0.06999000,0.37033700,0
1505690785,21686299,0.06990701,0.34507900,1
1505690741,21686286,0.07005700,0.23651600,0
1505690563,21686127,0.06989002,0.56155300,1
1505690561,21686121,0.06989002,0.00030200,1
1505690560,21686120,0.06990000,0.43130000,1
1505690555,21686115,0.06989001,0.51673700,1
1505690541,21686112,0.06987201,0.38561400,1
1505690520,21686100,0.07002494,1.00000000,0
1505690465,21686081,0.06988076,1.00305300,1
1505690461,21686079,0.06988075,0.29854700,1
1505690461,21686078,0.06988075,1.00722600,1
1505690453,21686070,0.06988052,0.98041900,1
1505690362,21686031,0.06987969,0.29199900,1
1505690362,21686030,0.07000000,1.92563900,1
1505690360,21686029,0.07000000,1.90736100,1
1505690360,21686028,0.07000000,0.29200000,1
1505690359,21686027,0.06993995,10.87500000,0
1505690343,21685998,0.06993996,0.80220185,0
1505690245,21685954,0.06993998,0.37974000,0
1505690238,21685948,0.06993999,0.37699305,0
1505690230,21685929,0.06991097,1.58899239,0
1505690221,21685908,0.06989000,0.43090000,0
1505689941,21685785,0.06975728,0.96860292,1
1505689816,21685728,0.06982000,0.43090000,0
1505689804,21685721,0.06986001,0.43099500,1
1505689804,21685719,0.06986001,0.32162278,1
1505689797,21685709,0.06994746,0.19745863,1
1505689797,21685707,0.06994746,0.60434637,0
1505689796,21685706,0.06994746,0.19746414,0
1505689787,21685691,0.06988997,1.87431000,1
1505689786,21685690,0.06988000,0.43100000,0
1505689751,21685633,0.06979000,0.08721933,1
1505689746,21685628,0.06979300,0.08721933,1
1505689730,21685604,0.06993804,0.96235719,0
1505689675,21685527,0.06993832,0.54038019,0
1505689560,21685435,0.06977200,0.22313232,1
1505689560,21685434,0.06978000,0.29200000,1
1505689560,21685433,0.06981000,0.43100000,1
1505689520,21685414,0.06980100,0.10423075,1
1505689520,21685413,0.06980101,0.08976925,1
1505689477,21685378,0.06994560,0.89449944,0
1505688937,21685289,0.06979046,0.61047800,0
1505688911,21685279,0.06979037,0.38957300,1
1505688849,21685263,0.06979000,0.31934834,1
1505688847,21685262,0.06979000,0.43070000,0
1505688720,21685239,0.06976409,0.22726700,1
1505688702,21685235,0.06980452,0.27225600,1
1505688648,21685219,0.06980443,11.25206324,1
1505688643,21685214,0.06980440,1.86225998,1
1505688536,21685151,0.06994746,0.35243595,0
1505688413,21685121,0.06981100,1.55695000,1
1505688413,21685120,0.06982000,0.43070000,1
1505688380,21685097,0.06994745,0.08959500,0
1505688380,21685096,0.06994745,2.86000000,0
1505688363,21685078,0.06995100,0.13239079,0
1505688363,21685077,0.06995099,11.02319545,0
1505688363,21685076,0.06995096,1.85676376,1
1505688361,21685074,0.06977400,1.55566400,0
1505688361,21685072,0.06977400,0.43198600,0
1505688334,21685063,0.06988794,0.23000000,0
1505688303,21685048,0.06979600,0.53307891,0
1505688302,21685046,0.06979601,1.45457109,1
1505688222,21685012,0.06989581,5.60090091,0
1505688222,21685011,0.06989578,3.74960600,0
1505688221,21685010,0.06989578,1.21910805,0
1505688136,21684885,0.06990943,5.08886300,1
1505688072,21684843,0.06993601,0.23160000,1
1505688060,21684835,0.07007288,0.31449500,0
1505688012,21684813,0.07007331,0.21239418,0
1505687961,21684774,0.06989633,0.08960000,1
1505687941,21684762,0.06989600,0.42270000,1
1505687940,21684761,0.06989631,1.15640000,1
1505687936,21684758,0.07007387,0.14235064,0
1505687727,21684600,0.06994500,0.26061052,0
1505687663,21684490,0.06976101,0.22999500,1
1505687522,21684458,0.06983000,0.22999500,1
1505687385,21684388,0.06984003,0.20672500,1
1505687330,21684350,0.06986100,1.17561000,0
1505687326,21684345,0.06986100,0.75070003,0
1505687317,21684338,0.06984600,1.98765000,1
1505687238,21684325,0.06986656,0.21700000,1
1505686636,21682898,0.06986600,0.37362137,1
1505686606,21682856,0.07000077,1.00041256,0
1505686494,21682648,0.06995600,1.53440997,0
1505686494,21682646,0.06990000,0.00000003,0
1505686413,21682483,0.06990000,4.23997100,0
1505686348,21682315,0.06990000,0.97323700,0
1505686348,21682313,0.06974200,1.98765000,0
1505686337,21682245,0.06990000,6.31215851,0
1505686337,21682243,0.06980000,0.42983300,0
1505686337,21682241,0.06974000,0.29206049,0
1505686337,21682239,0.06972300,1.98765000,0
1505686337,21682238,0.06970000,0.43047800,0
1505686314,21682187,0.06969999,0.10000000,0
1505686313,21682184,0.06969999,0.10000000,0
1505686312,21682182,0.06967100,1.98765000,0
1505686312,21682181,0.06960799,0.33211806,0
1505686312,21682179,0.06960799,2.61579679,0
1505686310,21682176,0.06960799,0.10000000,0
1505686308,21682170,0.06960799,0.10000000,0
1505686306,21682167,0.06960799,0.10000000,0
1505686304,21682164,0.06960799,0.10000000,0
1505686302,21682160,0.06960799,0.10000000,0
1505686300,21682159,0.06960799,0.10000000,0
1505686298,21682157,0.06960799,0.10000000,0
1505686297,21682153,0.06960799,0.10000000,0
1505686296,21682147,0.06960799,3.48882460,0
1505686296,21682146,0.06960799,0.47357440,0
1505686296,21682144,0.06960799,1.28393400,0
1505686294,21682129,0.06960799,0.10000000,0
1505686292,21682122,0.06960799,0.10000000,0
1505686291,21682118,0.06960799,0.10000000,0
1505686289,21682108,0.06960800,0.94247408,0
1505686289,21682107,0.06960800,0.81264273,0
1505686288,21682106,0.06960800,0.10000000,0
1505686286,21682095,0.06952227,0.10000000,0
1505686284,21682091,0.06952227,0.10000000,0
1505686283,21682084,0.06952227,0.10000000,0
1505686280,21682067,0.06952227,0.10000000,0
1505686277,21682055,0.06952227,0.10000000,0
1505686275,21682043,0.06961099,0.10000000,0
1505686272,21682033,0.06961099,0.10000000,0
1505686271,21682021,0.06961099,0.10000000,0
1505686268,21682011,0.06961099,0.10000000,0
1505686266,21682005,0.06961100,0.10000000,0
1505686265,21682001,0.06956282,0.76000000,1
1505686264,21681995,0.06961699,0.10000000,0
1505686263,21681992,0.06961699,1.05500100,0
1505686262,21681988,0.06961699,0.10000000,0
1505686261,21681985,0.06961699,1.50000000,0
1505686260,21681982,0.06961699,0.06424785,0
1505686259,21681980,0.06952806,0.03575215,0
1505686258,21681974,0.06952806,0.10000000,0
1505686256,21681970,0.06952806,0.10000000,0
1505686256,21681969,0.06952806,0.08499885,0
1505686256,21681968,0.06952652,0.95500115,0
1505686254,21681962,0.06952652,0.10000000,0
1505686252,21681958,0.06952652,0.10000000,0
1505686246,21681928,0.06953000,2.86000000,1
1505686238,21681903,0.06953003,0.15001000,1
1505686223,21681872,0.06968370,0.10000000,0
1505686223,21681871,0.06968367,1.36661600,0
1505686223,21681870,0.06953030,0.32268800,0
1505686160,21681728,0.06968392,0.10000000,0
1505686158,21681723,0.06968392,0.10000000,0
1505686156,21681719,0.06968392,0.10000000,0
1505686154,21681715,0.06968392,0.10000000,0
1505686152,21681711,0.06968392,0.10000000,0
1505686150,21681707,0.06968393,0.10000000,0
1505686083,21681632,0.06958025,0.38631800,0
1505685853,21681256,0.06967279,1.41911400,0
1505685853,21681255,0.06967279,0.49599900,0
1505685844,21681241,0.06967279,2.36400100,0
1505685806,21681182,0.06967284,1.74318600,0
1505685798,21681157,0.06967284,0.43104886,0
1505685792,21681135,0.06967281,3.10309500,0
1505685769,21681085,0.06967300,0.51584900,0
1505685668,21680911,0.06967390,1.46518700,0
1505685614,21680762,0.06952009,0.56639743,0
1505685610,21680748,0.06952000,1.98738303,1
1505685610,21680747,0.06952069,0.00013496,1
1505685608,21680736,0.06952069,2.85986504,1
1505685545,21680600,0.06969070,5.72533337,0
1505685269,21680115,0.06965900,1.98765000,0
1505685268,21680113,0.06965897,1.98765000,0
1505685243,21680056,0.06949500,0.34974100,0
1505685242,21680053,0.06950000,0.43177200,1
1505685237,21680043,0.06954024,0.20746696,1
1505685147,21679877,0.06954015,0.18925000,1
1505685131,21679817,0.06954011,6.13137956,1
1505685131,21679815,0.06957000,0.29200000,1
1505685131,21679814,0.06960000,0.43112500,1
1505684968,21679425,0.06959092,1.09125200,1
1505684894,21679317,0.06969000,1.93902338,0
1505684892,21679316,0.06968000,0.14310000,1
1505684760,21679271,0.06965000,0.29193951,0
1505684704,21679226,0.06960701,0.19997989,1
1505684687,21679208,0.06976997,0.37678245,0
1505684681,21679188,0.06965967,0.10342500,1
1505684658,21679178,0.06979997,0.11122000,1
1505684657,21679177,0.06979997,0.36496551,1
1505684657,21679176,0.06979998,0.13090291,1
1505684643,21679164,0.06981000,0.07670000,0
1505684636,21679157,0.06980000,0.36500000,0
1505684556,21679059,0.06969000,0.43140000,1
1505684535,21679035,0.06971100,1.98752923,1
1505684533,21679026,0.06972000,1.98750271,0
1505684532,21679023,0.06972000,0.87242271,1
1505684532,21679022,0.06972000,1.98757729,1
1505684316,21678897,0.06981987,2.86000000,0
1505684315,21678896,0.06981000,0.13860000,0
1505684312,21678892,0.06968195,3.94325291,1
1505684312,21678890,0.06968198,3.05031992,1
1505684189,21678817,0.06968504,2.86000000,1
1505684056,21678769,0.06983396,1.98765000,0
1505684047,21678747,0.06980099,0.24921919,0
1505684038,21678727,0.06980299,0.64905581,0
1505684003,21678671,0.06963501,1.62245367,1
1505683989,21678667,0.06967139,0.94809889,1
1505683819,21678515,0.06967104,0.48398900,1
1505683807,21678505,0.06985170,0.17882664,0
1505683654,21678419,0.06975900,1.08937500,1
1505683636,21678404,0.06981303,2.90000000,1
1505683636,21678402,0.06981303,10.58941100,1
1505683621,21678393,0.06982000,0.13860000,1
1505683620,21678391,0.06984000,0.29200000,1
1505683582,21678362,0.06989000,0.00012918,1
1505683581,21678359,0.06989000,1.98752082,1
1505683574,21678347,0.06991900,1.98757134,1
1505683499,21678300,0.07003094,1.67752000,0
1505683497,21678297,0.07003094,0.35581600,0
1505683443,21678278,0.07003094,0.37905600,0
1505683210,21678174,0.06980430,0.81441428,1
1505683208,21678163,0.06980429,1.27032600,1
1505683045,21678034,0.06990400,1.31300000,0
1505683045,21678033,0.06989000,0.29100000,0
1505682916,21677945,0.06976600,1.98765000,0
1505682907,21677940,0.06965702,0.03070000,1
1505682906,21677938,0.06967000,0.29100000,1
1505682874,21677908,0.06981700,0.54411511,0
1505682874,21677906,0.06981000,0.29100000,0
1505682874,21677905,0.06980999,0.26331089,0
1505682862,21677890,0.06965004,0.14373000,1
1505682846,21677865,0.06964143,1.73177200,1
1505682846,21677864,0.06965000,0.29100000,1
1505682841,21677850,0.06964129,2.79247000,1
1505682839,21677844,0.06984000,0.29000000,0
1505682838,21677837,0.06982586,0.11286547,0
1505682838,21677836,0.06982586,2.59573953,0
1505682838,21677835,0.06964128,5.26999500,1
1505682834,21677818,0.06982586,0.30418600,0
1505682747,21677751,0.06976000,1.98765000,0
1505682597,21677632,0.06959814,0.39814000,1
1505682595,21677626,0.06973171,1.15729497,0
1505682504,21677464,0.06973170,0.28338617,0
1505682502,21677461,0.06973170,1.00009034,0
1505682486,21677450,0.06972000,0.21300817,0
1505682486,21677449,0.06972000,0.09704999,0
1505682478,21677441,0.06972000,0.25709001,0
1505682472,21677429,0.06973000,0.24661757,0
1505682358,21677306,0.06959758,0.57836807,1
1505682282,21677243,0.06980000,0.07666000,0
1505682280,21677241,0.06980993,0.32256810,0
1505682258,21677211,0.06959608,1.76506800,1
1505682257,21677210,0.06959605,4.46895745,1
1505682257,21677209,0.06959605,2.54037500,1
1505682257,21677208,0.06961000,0.43080000,1
1505682257,21677207,0.06967000,0.29000000,1
1505682243,21677142,0.06968003,0.49999500,1
1505682221,21677045,0.06967012,15.10635378,1
1505682185,21676955,0.06984184,0.37234000,0
1505682146,21676892,0.06983467,3.51614300,0
1505682145,21676887,0.06974700,1.98765000,0
1505682145,21676885,0.06974000,0.29000000,0
1505682144,21676882,0.06954701,0.08274000,1
1505682131,21676845,0.06946078,11.52856516,1
1505682131,21676843,0.06954321,1.00000000,1
1505682131,21676841,0.06954323,0.90272591,1
1505682131,21676840,0.06970000,1.70243000,1
1505682131,21676839,0.06970000,0.15567000,1
1505682131,21676837,0.06970000,0.14190000,1
1505682131,21676835,0.06976200,1.98765000,1
1505682130,21676833,0.06980120,63.50163082,1
1505682125,21676787,0.06980120,6.19536918,1
1505682125,21676785,0.06980121,4.50210480,1
1505682124,21676781,0.06980735,2.90000000,1
1505682124,21676777,0.06980738,8.66714762,1
1505682013,21676692,0.06981303,0.14304069,1
1505682009,21676690,0.06987000,0.07170000,1
1505681959,21676661,0.06994000,0.09983615,0
1505681942,21676652,0.06994992,0.40000000,0
1505681790,21676506,0.06990800,1.98765000,1
1505681790,21676504,0.06994303,4.41770583,1
1505681790,21676502,0.06994304,16.52558662,1
1505681788,21676496,0.06994304,3.96022700,1
1505681788,21676495,0.06994304,1.81647300,1
1505681777,21676476,0.06994305,1.45277624,1
1505681768,21676457,0.06999999,2.73242103,1
1505681768,21676456,0.06999999,0.08538897,1
1505681730,21676413,0.07000003,2.90000000,1
1505681728,21676412,0.07000000,0.00000001,0
1505681727,21676409,0.07000000,1.81647300,0
1505681714,21676394,0.07000000,27.46881100,0
1505681712,21676390,0.07000000,0.31260755,0
1505681712,21676387,0.07000000,1.98765000,0
1505681710,21676380,0.07000000,0.53121436,0
1505681709,21676374,0.07000000,20.75164285,0
1505681709,21676372,0.07000000,0.12000000,0
1505681705,21676363,0.06999999,0.12506103,0
1505681702,21676358,0.06999999,0.08539400,0
1505681699,21676349,0.06999979,0.96201900,1
1505681698,21676347,0.06999972,4.03798100,0
1505681676,21676322,0.06987000,0.16979100,1
1505681670,21676315,0.06998983,2.81516700,0
1505681662,21676293,0.06999987,2.67320487,0
1505681662,21676291,0.06998983,2.49571000,0
1505681605,21676242,0.06993981,4.76577250,0
1505681589,21676236,0.06993988,0.08050800,0
1505681554,21676225,0.06993989,0.08050900,0
1505681522,21676220,0.06993990,0.08050800,0
1505681465,21676186,0.06999996,0.84058000,1
1505681463,21676179,0.06999996,1.74808600,0
1505681463,21676178,0.06983004,0.08306998,1
1505681457,21676175,0.06996700,1.98765000,0
1505681446,21676167,0.06995929,1.24349900,0
1505681098,21676054,0.06981002,2.06085030,1
1505680918,21675967,0.06990000,0.42811416,0
1505680908,21675964,0.06979653,2.60294200,1
1505680897,21675958,0.06979645,14.33233200,1
1505680896,21675953,0.06979645,1.57612500,1
1505680844,21675907,0.06979629,0.36078021,1
1505680842,21675904,0.06979628,0.61731500,1
1505680840,21675900,0.06979628,2.43374300,1
1505680840,21675897,0.06979628,0.08274000,1
1505680838,21675893,0.06979627,0.99991017,1
1505680753,21675872,0.06979591,0.08274000,1
1505680738,21675850,0.06979583,19.60525990,1
1505680736,21675845,0.06979582,10.54243650,1
1505680652,21675786,0.06984238,8.34119698,0
1505680650,21675779,0.06984239,6.29900000,1
1505680639,21675762,0.06984232,0.28999500,1
1505680626,21675756,0.06984225,0.30684800,1
1505680573,21675723,0.06999996,2.90000000,0
1505680566,21675722,0.06999996,4.84628150,0
1505680564,21675718,0.06999997,0.25000000,0
1505680559,21675708,0.06990702,1.15771600,0
1505680559,21675705,0.07000000,0.12000000,1
1505680502,21675677,0.07008992,1.00000000,0
1505680493,21675668,0.06989800,0.50235578,1
1505680493,21675667,0.06993000,0.42950000,1
1505680449,21675644,0.06993300,0.53084448,1
1505680449,21675643,0.06994000,0.12000000,1
1505680449,21675642,0.06996000,0.29000000,1
1505680253,21675551,0.06997251,2.49570868,1
1505679993,21675459,0.07001000,0.42891877,0
1505679947,21675436,0.06992000,0.42891877,1
1505679774,21675370,0.06991203,4.76008604,1
1505679774,21675368,0.06993520,0.07045600,1
1505679720,21675356,0.07005700,1.98765000,0
1505679720,21675355,0.07003499,0.30542043,0
1505679720,21675354,0.07003499,0.42862247,0
1505679720,21675353,0.06997620,0.37053416,0
1505679719,21675351,0.06997620,4.92319753,0
1505679719,21675349,0.06997620,0.71720198,0
1505679700,21675343,0.06997620,3.68726750,0
1505679700,21675342,0.06996445,4.84628150,0
1505679693,21675337,0.06996444,1.41857907,0
1505679682,21675330,0.06993521,0.28377828,1
1505679675,21675326,0.06993520,0.42954400,1
1505679667,21675324,0.06993521,0.22053000,1
1505679621,21675295,0.06995000,0.14492172,0
1505679621,21675294,0.06994000,0.26921528,0
1505679613,21675293,0.06995999,0.08087700,0
1505679601,21675284,0.06996900,1.61711584,1
1505679600,21675280,0.06996900,0.37053416,1
1505679594,21675272,0.06998000,0.42870000,1
1505679594,21675270,0.06998877,0.30550000,1
1505679594,21675269,0.07000000,0.00007860,1
1505679578,21675258,0.07000000,0.19262858,1
1505679577,21675257,0.07000000,3.91970600,1
1505679551,21675242,0.07000000,0.43524600,1
1505679523,21675196,0.07000000,1.91848800,1
1505679521,21675193,0.07000000,0.16319000,1
1505679511,21675179,0.07000000,0.16266371,1
1505679496,21675162,0.07000000,6.28571429,1
1505679444,21675107,0.07000000,4.27368766,1
1505679444,21675106,0.07000000,1.26631788,1
1505679438,21675103,0.07000000,1.31647226,1
1505679438,21675102,0.07000000,2.70459586,1
1505679438,21675101,0.07000000,6.58705068,1
1505679327,21675049,0.07000001,0.41570300,1
1505679244,21674981,0.07000000,0.27691429,1
1505679218,21674970,0.07000000,0.27691429,1
1505679170,21674914,0.07008000,0.02339740,1
1505679170,21674913,0.07008000,0.15150900,1
1505679130,21674840,0.07008000,0.15594000,1
1505679026,21674724,0.07008287,1.04134300,0
1505679016,21674720,0.07008287,0.41957900,0
1505679015,21674719,0.07008287,12.72500000,0
1505678954,21674694,0.07008287,0.33120789,0
1505678936,21674681,0.07007900,0.42750000,1
1505678931,21674673,0.07008000,0.26921528,1
1505678866,21674617,0.07017400,0.56250000,1
1505678764,21674541,0.07033632,0.14211875,0
1505678667,21674507,0.07018313,0.06246016,1
1505678667,21674506,0.07018675,0.81003984,1
1505678667,21674505,0.07019000,0.42750000,1
1505678483,21674383,0.07000000,14.01168904,1
1505678483,21674382,0.07000002,4.59653302,1
1505678483,21674381,0.07000005,13.67986002,0
1505678482,21674380,0.07025450,1.30000000,1
1505678482,21674379,0.07026600,1.98765000,1
1505678482,21674378,0.07026601,74.51400000,0
1505678480,21674377,0.07030000,0.50000000,1
1505678460,21674372,0.07040996,0.08500260,0
1505678446,21674358,0.07025516,0.28412600,1
1505678431,21674342,0.07025500,0.09995414,1
1505678431,21674341,0.07033000,0.00004586,1
1505678418,21674322,0.07033000,0.29540000,1
1505678417,21674320,0.07036300,1.83449160,1
1505678417,21674318,0.07038500,1.94291754,0
1505678416,21674317,0.07038000,0.14228746,0
1505678416,21674315,0.07037063,0.12680993,0
1505678415,21674312,0.07033113,0.15315840,0
1505678415,21674311,0.07033113,0.14228746,0
1505678409,21674271,0.07032897,14.46438075,0
1505678372,21674259,0.07022604,2.90000000,1
1505678354,21674242,0.07020026,33.00507366,1
1505678354,21674241,0.07021801,2.11992446,1
1505678354,21674240,0.07021801,0.78007554,1
1505678353,21674238,0.07022600,1.98765000,1
1505678353,21674236,0.07023000,0.13220000,1
1505678346,21674215,0.07032898,0.73865200,0
1505678332,21674212,0.07032898,0.19131000,0
1505678273,21674192,0.07032000,0.36000000,0
1505678271,21674189,0.07020007,0.37009858,1
1505678257,21674162,0.07020000,0.37008746,1
1505678213,21674074,0.07015004,1.90000000,1
1505678165,21674053,0.07017900,0.30912855,1
1505678165,21674052,0.07025000,3.36530145,1
1505678163,21674048,0.07028996,0.30000000,0
1505678151,21674019,0.07025000,38.04900000,1
1505678119,21674003,0.07027540,0.53725200,0
1505678106,21673994,0.07028998,0.42655600,0
1505678071,21673906,0.07025000,4.00000000,1
1505678040,21673881,0.07025000,1.58696353,1
1505678037,21673880,0.07025000,0.86242400,1
1505678035,21673878,0.07025000,0.09770434,1
1505678034,21673877,0.07025000,0.84476048,1
1505678030,21673874,0.07025000,2.94067000,1
1505678023,21673863,0.07025000,1.17094088,1
1505678000,21673855,0.07025000,1.12068500,1
1505677999,21673854,0.07025000,2.50948800,1
1505677997,21673853,0.07025000,11.88513200,1
1505677991,21673851,0.07025000,0.85738500,1
1505677987,21673849,0.07025000,2.97427100,1
1505677977,21673842,0.07025000,9.21102900,1
1505677971,21673834,0.07032259,0.47285800,0
1505677930,21673803,0.07025000,8.38849500,1
1505677914,21673793,0.07025000,3.19737400,1
1505677906,21673784,0.07025000,0.62737400,1
1505677887,21673779,0.07032259,1.17505626,0
1505677834,21673738,0.07032379,0.31558310,0
1505677792,21673710,0.07025000,4.81100232,1
1505677731,21673688,0.07025001,0.50000000,1
1505677726,21673686,0.07033113,1.14509849,0
1505677726,21673685,0.07030000,1.70243000,0
1505677725,21673684,0.07025003,0.50000000,1
1505677721,21673683,0.07025000,0.50000000,1
1505677716,21673680,0.07025000,0.50000000,1
1505677716,21673679,0.07029987,0.23666600,0
1505677710,21673674,0.07025000,0.50000000,1
1505677672,21673658,0.07029987,2.72382009,0
1505677658,21673651,0.07020001,0.88630401,1
1505677650,21673647,0.07029987,0.61336600,0
1505677647,21673645,0.07029991,1.85071800,0
1505677647,21673644,0.07029991,7.42027452,0
1505677647,21673643,0.07029988,1.85072306,0
1505677638,21673625,0.07029000,0.35801200,1
1505677638,21673624,0.07029000,0.14198800,1
1505677632,21673614,0.07029999,0.81602377,0
1505677632,21673612,0.07029000,0.14199317,0
1505677626,21673602,0.07014980,0.62972733,1
1505677624,21673599,0.07029999,0.45877100,1
1505677599,21673592,0.07014909,1.63656113,1
1505677597,21673588,0.07030000,0.15567000,0
1505677586,21673579,0.07014906,1.22099573,1
1505677576,21673577,0.07020005,0.04241600,1
1505677570,21673576,0.07020005,0.10000000,1
1505677565,21673573,0.07021998,0.49996179,0
1505677563,21673572,0.07029996,1.00000000,0
1505677561,21673571,0.07029996,0.10000000,1
1505677559,21673570,0.07029996,0.14873452,1
1505677557,21673569,0.07029996,0.94223418,1
1505677557,21673568,0.07029996,4.48998013,1
1505677556,21673567,0.07029996,2.21820013,1
1505677554,21673566,0.07029996,0.22953000,1
1505677551,21673564,0.07029996,8.71856000,1
1505677551,21673563,0.07029996,0.76335807,1
1505677551,21673562,0.07029996,0.50000000,1
1505677549,21673561,0.07029996,0.45024400,1
1505677548,21673560,0.07029996,0.30252900,1
1505677547,21673556,0.07029996,0.50000000,1
1505677546,21673552,0.07029996,1.91874497,1
1505677546,21673551,0.07029996,0.94223418,1
1505677545,21673550,0.07029996,2.21820013,1
1505677544,21673549,0.07029996,0.50000000,1
1505677544,21673548,0.07029996,1.87762300,1
1505677543,21673546,0.07029996,0.50000000,1
1505677539,21673536,0.07029996,0.50000000,1
1505677536,21673534,0.07029996,0.50000000,1
1505677534,21673531,0.07029996,9.41489133,1
1505677534,21673530,0.07029996,0.50000000,1
1505677533,21673526,0.07029996,0.50000000,1
1505677531,21673523,0.07029996,0.32359800,1
1505677529,21673522,0.07029996,0.50000000,1
1505677529,21673521,0.07029996,1.31401466,1
1505677529,21673520,0.07029997,3.52672076,1
1505677527,21673516,0.07029997,0.50000000,1
1505677525,21673510,0.07029996,0.50000000,1
1505677524,21673509,0.07029996,1.07407857,1
1505677523,21673508,0.07029996,2.86039201,1
1505677522,21673505,0.07029996,0.50000000,1
1505677519,21673504,0.07029996,0.50000000,1
1505677518,21673503,0.07029996,4.27541500,1
1505677516,21673501,0.07029996,0.50000000,1
1505677513,21673499,0.07029996,0.36987700,1
1505677512,21673495,0.07030000,0.14190000,0
1505677511,21673494,0.07029996,1.00326100,1
1505677510,21673488,0.07029996,13.71460212,1
1505677509,21673485,0.07029996,2.90000000,1
1505677509,21673484,0.07029996,1.66918915,1
1505677508,21673483,0.07029991,2.90000000,0
1505677508,21673482,0.07029988,1.99937282,0
1505677441,21673462,0.07029000,0.14233300,0
1505677438,21673461,0.07015016,1.05276125,1
1505677422,21673454,0.07028997,0.68744700,0
1505677415,21673448,0.07024900,1.84522900,0
1505677415,21673447,0.07024900,0.14242100,0
1505677393,21673440,0.07008000,0.96479301,1
1505677393,21673439,0.07010208,0.31835699,1
1505677392,21673437,0.07010235,2.07348651,1
1505677392,21673436,0.07010236,2.90000000,1
1505677391,21673435,0.07010208,0.84853564,1
1505677391,21673434,0.07010208,1.32661219,1
1505677391,21673433,0.07010208,0.80205764,1
1505677382,21673426,0.07010239,1.63405857,1
1505677344,21673399,0.07010172,0.24587759,1
1505677333,21673396,0.07010161,0.22991600,1
1505677321,21673391,0.07010141,0.10000000,1
1505677287,21673368,0.07010073,0.20000000,1
1505677286,21673366,0.07023590,1.74930800,0
1505677285,21673365,0.07023485,0.13199298,0
1505677277,21673360,0.07020000,1.33540174,0
1505677271,21673356,0.07020000,1.26113395,0
1505677270,21673353,0.07019999,0.33540205,0
1505677268,21673352,0.07020000,1.00000000,0
1505677265,21673347,0.07020000,0.30461000,0
1505677260,21673333,0.07019999,0.70214600,0
1505677253,21673330,0.07019999,1.52070000,0
1505677239,21673322,0.07010026,1.33378755,1
1505677227,21673318,0.07010022,0.20000000,1
1505677145,21673266,0.07017001,0.14240000,0
1505677081,21673252,0.07020000,0.21331300,0
1505677004,21673221,0.07020000,8.88554131,0
1505676994,21673211,0.07019000,0.37018054,0
1505676986,21673208,0.07018916,4.67483400,0
1505676909,21673147,0.07019377,0.23913803,0
1505676906,21673145,0.07019377,2.29547900,0
1505676891,21673128,0.07019000,1.04718100,0
1505676890,21673122,0.07019000,0.19000000,0
1505676867,21673093,0.07019000,0.22991300,0
1505676853,21673061,0.07005000,0.37020671,1
1505676839,21673045,0.07019480,7.08924508,0
1505676839,21673044,0.07019477,6.14174756,0
1505676832,21673016,0.07003003,1.48246533,1
1505676801,21672981,0.07003003,1.82655000,1
1505676785,21672959,0.07001803,0.90163288,1
1505676746,21672928,0.07004700,0.34562100,1
1505676742,21672923,0.07019826,0.37229783,0
1505676664,21672828,0.07018800,0.53092587,0
1505676662,21672826,0.07018799,0.46907413,0
1505676657,21672824,0.07018785,1.34578800,0
1505676368,21672699,0.07001271,0.36946000,1
1505676359,21672693,0.07001215,0.36907413,1
1505676352,21672689,0.06999652,0.14854195,1
1505676318,21672634,0.07012600,1.98765000,0
1505676283,21672618,0.06995476,0.12851082,1
1505676278,21672616,0.06995474,2.55888912,1
1505676204,21672578,0.06995369,0.20000000,1
1505676112,21672532,0.07007865,0.82952583,1
1505676110,21672528,0.07012486,0.41719718,0
1505676104,21672517,0.07012486,1.90749756,0
1505676093,21672505,0.07012487,9.48169000,0
1505676088,21672502,0.07007847,0.47446812,1
1505676086,21672498,0.07007847,0.78998000,0
1505676085,21672496,0.07007847,12.68949800,0
1505676082,21672493,0.07007847,0.31560335,0
1505676062,21672480,0.07007888,1.00000000,0
1505676042,21672446,0.07007959,2.32078585,0
1505676034,21672438,0.07000000,1.00000000,0
1505676034,21672437,0.06999999,0.36619100,0
1505675973,21672366,0.06999190,2.18299000,0
1505675908,21672287,0.07003100,1.78888500,1
1505675881,21672248,0.07019416,1.00000000,0
1505675850,21672235,0.07002600,1.98765000,1
1505675777,21672198,0.07014500,1.56876700,0
1505675750,21672178,0.07006870,1.88270850,0
1505675750,21672177,0.07006869,0.25673150,0
1505675727,21672168,0.06991029,0.58252100,1
1505675696,21672145,0.07001755,2.46000000,0
1505675604,21672103,0.06999900,0.35789500,1
1505675541,21672074,0.07008800,1.98765000,0
1505675533,21672070,0.07007800,1.98765000,0
1505675480,21672039,0.06991808,0.11093500,1
1505675335,21671937,0.06999000,0.42780000,0
1505675317,21671935,0.07003800,0.45604900,0
1505675317,21671934,0.06997510,0.00139000,0
1505675310,21671932,0.06985010,0.10000000,1
1505675303,21671930,0.07004800,1.98765000,1
1505675297,21671925,0.07005800,1.98765000,1
1505675297,21671924,0.07007000,0.32780000,1
1505675295,21671923,0.07007000,0.10000000,1
1505675236,21671859,0.07019996,1.12955000,0
1505675196,21671842,0.07019986,1.00000000,0
1505675182,21671837,0.07002900,1.98765000,1
1505675149,21671809,0.07006600,0.57326210,1
1505675148,21671806,0.07008002,11.57400000,0
1505675147,21671805,0.07008002,2.14571500,1
1505675147,21671802,0.07008002,0.75428500,1
1505675145,21671794,0.07008001,0.24570400,1
1505675100,21671770,0.07020000,2.09999986,0
1505675100,21671768,0.07019948,0.72737814,0
1505675100,21671766,0.07019935,25.00000000,0
1505675098,21671763,0.07019949,2.90000000,0
1505675041,21671746,0.07014013,2.00000000,0
1505674933,21671625,0.07014195,0.50211000,0
1505674868,21671553,0.07014377,0.24054832,0
1505674811,21671528,0.07004611,5.26216251,0
1505674809,21671525,0.07004612,1.12040516,1
1505674809,21671522,0.07004609,0.82422874,1
1505674803,21671515,0.07004600,1.34587272,1
1505674802,21671513,0.07004600,0.64169261,1
1505674768,21671496,0.07008000,0.08237000,0
1505674717,21671458,0.07013986,1.07731878,0
1505674706,21671448,0.07014986,0.55780573,0
1505674698,21671428,0.07015909,2.67592872,0
1505674694,21671421,0.07004010,1.10113000,1
1505674688,21671385,0.07003300,0.52498722,1
1505674657,21671292,0.07016588,1.64808801,0
1505674656,21671289,0.07016587,0.57415199,0
1505674586,21671135,0.07001340,0.37305353,1
1505674581,21671111,0.07000501,1.01233600,1
1505674579,21671103,0.07000501,14.78723400,1
1505674574,21671080,0.07012000,0.34503000,0
1505674566,21671066,0.07012994,0.25900000,0
1505674564,21671053,0.07012994,0.25900000,0
1505674521,21670968,0.07000400,0.19219886,1
1505674497,21670948,0.07012994,0.75477000,0
1505674491,21670945,0.07012994,0.75308000,0
1505674481,21670934,0.07012995,0.34441717,0
1505674480,21670928,0.07012996,2.83997173,0
1505674480,21670926,0.07010000,0.00008851,0
1505674457,21670872,0.07010000,1.63557730,0
1505674457,21670870,0.07009200,0.00003022,0
1505674456,21670864,0.07009200,1.98761978,0
1505674452,21670856,0.07005600,1.46288259,0
1505674451,21670849,0.07005600,0.52476741,0
1505674451,21670848,0.07000000,0.47651659,0
1505674446,21670831,0.07000000,0.23601700,0
1505674442,21670816,0.07004000,0.12450737,0
1505674377,21670689,0.06989601,4.69864716,1
1505674376,21670683,0.06989600,1.70974448,1
1505674341,21670597,0.06993532,1.21461290,1
1505674333,21670582,0.06993536,7.90657000,1
1505674323,21670566,0.06993516,5.65485284,1
1505674323,21670565,0.06995000,0.00010807,1
1505674322,21670561,0.06995000,0.42729193,1
1505674304,21670544,0.07000000,0.39490755,0
1505674293,21670529,0.07000000,21.83521500,0
1505674292,21670528,0.07000000,0.29600000,0
1505674292,21670527,0.07000000,0.14260000,0
1505674291,21670526,0.07000000,0.39490800,0
1505674281,21670512,0.06990000,1.02452764,1
1505674267,21670498,0.06999670,0.00013743,1
1505674247,21670488,0.07000000,0.22454300,0
1505674246,21670487,0.07000000,5.27428300,0
1505674244,21670486,0.07000000,7.12980000,0
1505674222,21670464,0.06999670,0.71239616,1
1505674202,21670452,0.06999670,1.59157500,0
1505674198,21670444,0.06987509,0.37415000,1
1505674190,21670433,0.06987509,0.37366438,1
1505674165,21670405,0.06987501,0.71867686,1
1505674130,21670380,0.06999996,0.38449000,0
1505674109,21670359,0.07000000,15.53227811,0
1505674107,21670352,0.07000000,2.76847965,0
1505674106,21670350,0.07000000,13.01004100,0
1505674105,21670348,0.06999999,0.15252244,0
1505674103,21670337,0.07000000,24.72766000,0
1505674101,21670333,0.07000000,0.11368900,0
1505674101,21670331,0.07000000,0.44966944,0
1505674083,21670304,0.06999999,0.29622558,1
1505674083,21670300,0.06999999,0.70377442,0
1505674073,21670287,0.07000000,1.84840000,0
1505674072,21670286,0.07000000,3.80000000,0
1505674071,21670285,0.07000000,1.82734800,0
1505674070,21670284,0.07000000,2.44041437,0
1505674070,21670283,0.06999999,0.83616763,0
1505674057,21670275,0.07000000,3.87475000,0
1505674057,21670274,0.06999000,0.34970700,0
1505674056,21670273,0.06999000,1.63794300,0
1505674056,21670272,0.06998000,0.42660000,0
1505674055,21670271,0.06997997,2.12425000,0
1505674055,21670270,0.06997000,0.29000000,0
1505674011,21670258,0.06981503,0.83367684,1
1505673907,21670178,0.06991900,1.28590300,0
1505673900,21670163,0.06975090,1.08999500,1
1505673894,21670148,0.06975051,1.76783658,0
1505673893,21670144,0.06975051,0.42660000,0
1505673892,21670143,0.06975051,5.45532300,1
1505673889,21670129,0.06990200,0.94850000,0
1505673877,21670105,0.06987294,2.90000000,0
1505673839,21670054,0.06980199,1.41955600,0
1505673839,21670053,0.06980199,0.00145500,0
1505673834,21670050,0.06980199,0.20854500,0
1505673834,21670048,0.06980199,1.06355500,0
1505673828,21670045,0.06980199,1.62145500,0
1505673810,21670033,0.06980199,0.21499000,0
1505673782,21669940,0.06970251,0.60000000,1
1505673781,21669939,0.06980800,1.20245576,0
1505673781,21669938,0.06970800,0.07748724,0
1505673765,21669927,0.06970800,0.77976200,0
1505673725,21669818,0.06970800,0.00000018,0
1505673724,21669817,0.06970800,1.98765000,0
1505673724,21669816,0.06970788,8.68954692,0
1505673724,21669814,0.06970788,6.70189690,0
1505673723,21669811,0.06970788,0.00000002,0
1505673723,21669809,0.06970782,3.98988898,0
1505673722,21669803,0.06963397,4.33274163,0
1505673713,21669772,0.06965652,1.36599750,0
1505673713,21669771,0.06963397,0.87389600,0
1505673700,21669739,0.06967435,0.02168256,0
1505673700,21669738,0.06967434,0.68967844,0
1505673687,21669729,0.06967436,1.98765000,0
1505673682,21669716,0.06970800,1.98765000,1
1505673640,21669650,0.06984601,0.43059660,0
1505673639,21669647,0.06969501,0.33622000,1
1505673577,21669544,0.06980211,1.51532100,0
1505673575,21669541,0.06968253,0.57034516,1
1505673574,21669536,0.06968240,0.63369648,1
1505673547,21669503,0.06968146,18.49715815,1
1505673547,21669502,0.06968146,3.21067500,1
1505673517,21669465,0.06980220,0.85724942,0
1505673373,21669375,0.06964533,5.20233500,1
1505673360,21669347,0.06978899,2.45811600,0
1505673359,21669344,0.06979000,0.69051600,0
1505673359,21669343,0.06978900,1.29713400,0
1505673358,21669342,0.06978900,0.69051600,0
1505673358,21669341,0.06978000,0.42650000,0
1505673352,21669340,0.06974000,1.89165000,0
1505673340,21669333,0.06964000,0.42642160,0
1505673339,21669332,0.06963317,4.09182729,1
1505673339,21669331,0.06964000,0.42650000,1
1505673338,21669329,0.06983300,1.98765000,0
1505673326,21669316,0.06975300,1.98765000,0
1505673314,21669301,0.06972300,1.69765000,1
1505673313,21669295,0.06972000,0.29000000,0
1505673312,21669294,0.06971404,7.54355500,0
1505673312,21669292,0.06955678,7.66716436,1
1505673311,21669291,0.06972000,0.29000000,1
1505673310,21669287,0.06972900,1.98765000,1
1505673265,21669271,0.06988491,0.22807102,0
1505673211,21669216,0.06988491,0.22807099,0
1505673102,21669074,0.06983978,1.71220300,0
1505673068,21669058,0.06983977,0.45215024,0
1505673068,21669057,0.06983977,1.06436176,0
1505673065,21669024,0.06983977,0.56662100,0
1505673056,21669019,0.06983977,2.17771600,0
1505673045,21669010,0.06983977,0.97042800,0
1505673034,21668998,0.06983977,0.74528353,0
1505673030,21668996,0.06983974,1.33805000,0
1505673027,21668991,0.06968240,0.31732000,1
1505673022,21668979,0.06979956,0.34852252,0
1505673021,21668977,0.06979956,2.90000000,0
1505673016,21668963,0.06979956,0.67384300,0
1505673012,21668943,0.06968210,5.02273899,0
1505673004,21668917,0.06979929,2.09962600,0
1505672996,21668905,0.06968201,0.14037376,1
1505672996,21668904,0.06973000,0.26973440,1
1505672996,21668903,0.06979000,1.42820849,1
1505672992,21668885,0.06979000,0.96107400,1
1505672990,21668879,0.06979000,0.35821751,1
1505672987,21668877,0.06979000,0.42610000,1
1505672983,21668870,0.06979986,0.38417200,0
1505672942,21668819,0.06980270,0.17366505,1
1505672936,21668814,0.06980267,0.11373245,1
1505672930,21668802,0.06980220,0.11838983,1
1505672924,21668794,0.06980276,0.99641250,1
1505672917,21668786,0.06980265,0.14437785,1
1505672916,21668782,0.06995692,0.98155800,0
1505672906,21668770,0.06991700,1.98765000,1
1505672901,21668758,0.06992900,1.51926900,1
1505672901,21668757,0.06994000,0.42610000,1
1505672891,21668721,0.06995735,0.94666480,1
1505672885,21668694,0.06995735,0.87408540,1
1505672881,21668675,0.06995734,0.23000000,1
1505672880,21668673,0.06995734,1.06431259,1
1505672869,21668605,0.06996200,1.18310900,1
1505672860,21668561,0.06996300,1.37341231,1
1505672860,21668560,0.06996314,2.42658769,1
1505672827,21668472,0.07009000,2.73571458,1
1505672825,21668466,0.07009629,0.59323881,0
1505672805,21668407,0.07000000,1.78888500,0
1505672793,21668346,0.06990000,0.00000136,0
1505672791,21668333,0.06990000,1.75349800,0
1505672665,21668200,0.06990000,0.26806866,0
1505672659,21668190,0.06988030,0.25916992,0
1505672659,21668188,0.06990300,1.98765000,1
1505672632,21668167,0.06998600,1.98765000,0
1505672627,21668164,0.06998027,1.39000000,1
1505672622,21668157,0.06998000,1.98765000,0
1505672622,21668156,0.06996000,0.20000000,0
1505672481,21667968,0.06981000,0.20000000,1
1505672397,21667871,0.06982103,0.17000000,1
1505672357,21667845,0.06996252,20.65831000,0
1505672356,21667844,0.06996252,0.16216018,0
1505672356,21667843,0.06996249,1.90614982,0
1505672355,21667841,0.06996252,2.43554000,0
1505672278,21667648,0.06981010,0.10435000,1
1505672268,21667638,0.06981008,0.10424022,1
1505672255,21667629,0.06981004,0.10000000,1
1505672231,21667601,0.06991973,20.97100000,0
1505672231,21667599,0.06991000,0.20000000,0
1505672211,21667589,0.06992987,0.26425778,0
1505672141,21667559,0.06979856,0.75151500,1
1505672140,21667556,0.06979852,0.52700900,0
1505671989,21667422,0.06983000,0.20000000,1
1505671986,21667419,0.06999000,1.98765000,0
1505671954,21667383,0.06979000,0.42640000,1
1505671952,21667374,0.06994100,1.98765000,1
1505671947,21667357,0.06993002,0.35803066,1
1505671947,21667355,0.06995000,0.42640000,1
1505671918,21667331,0.07007494,1.78384141,0
1505671883,21667305,0.06988200,0.31484000,1
1505671882,21667304,0.07000000,0.31484000,1
1505671854,21667260,0.07000000,0.31467000,0
1505671852,21667252,0.06983100,0.00003039,1
1505671850,21667229,0.06980615,0.89165700,1
1505671850,21667228,0.06980615,1.55325193,1
1505671849,21667219,0.06999997,13.30935120,0
1505671849,21667217,0.06984207,0.20000000,0
1505671839,21667173,0.06996000,0.92324882,0
1505671783,21667129,0.06985500,0.20000000,1
1505671734,21667102,0.06998900,0.57009301,0
1505671674,21667041,0.06980407,0.59117624,1
1505671666,21667029,0.06980378,6.17000000,1
1505671652,21667020,0.06980295,0.75715633,1
1505671650,21667014,0.06980295,0.11753000,1
1505671642,21667003,0.06980266,0.10000000,1
1505671579,21666929,0.06979779,0.67983460,1
1505671579,21666927,0.06979780,2.26636119,1
1505671579,21666926,0.06990000,0.05987221,1
1505671578,21666925,0.06990000,1.00000000,1
1505671576,21666921,0.06990000,0.21466500,1
1505671574,21666919,0.06990000,0.51434779,1
1505671570,21666906,0.06994992,0.90953000,0
1505671570,21666905,0.06994992,4.40201000,0
1505671570,21666904,0.06990700,1.67298500,0
1505671570,21666903,0.06990700,0.31466500,0
1505671563,21666881,0.06995992,3.19047531,1
1505671562,21666873,0.06981000,0.09067469,0
1505671561,21666869,0.06979790,1.44833200,1
1505671561,21666867,0.06979790,0.30184500,1
1505671560,21666860,0.06979790,0.21190000,1
1505671560,21666854,0.06979790,0.31982300,1
1505671554,21666813,0.06979775,1.11689431,1
1505671552,21666800,0.06979762,22.15909000,1
1505671552,21666796,0.06979762,29.70000000,1
1505671551,21666794,0.06979762,3.60000000,1
1505671511,21666739,0.06981913,0.69819000,1
1505671501,21666722,0.06981713,0.44497186,1
1505671453,21666681,0.06994700,0.10079177,0
1505671380,21666596,0.06979300,1.98752684,1
1505671361,21666553,0.06990600,1.98765000,0
1505671353,21666532,0.06973395,10.00000000,1
1505671319,21666503,0.06973227,0.22917900,1
1505671308,21666498,0.06973171,0.22913335,1
1505671306,21666496,0.06973157,0.54581900,1
1505671143,21666413,0.06973700,0.07711740,1
1505671030,21666372,0.06981000,0.00000405,0
1505671029,21666371,0.06981000,0.14324595,1
1505671028,21666366,0.06981001,7.50762900,1
1505671021,21666353,0.06981005,0.72575425,0
1505671009,21666342,0.06981001,10.55955920,0
1505671009,21666341,0.06983616,14.22057580,1
1505671007,21666340,0.06983610,4.88268300,1
1505670994,21666327,0.06983010,0.83185000,0
1505670989,21666322,0.06985000,0.31467000,1
1505670985,21666320,0.07000772,2.85817304,0
1505670985,21666319,0.07000772,2.30899577,0
1505670985,21666318,0.07000745,25.00000000,0
1505670985,21666317,0.06997000,0.11143000,0
1505670984,21666316,0.06985000,0.11143000,1
1505670966,21666306,0.06981704,1.91323812,1
1505670955,21666301,0.06983900,0.10000000,1
1505670952,21666300,0.06983900,1.61136300,1
1505670946,21666292,0.07019995,8.65502140,0
1505670946,21666290,0.07010000,0.50000000,0
1505670946,21666289,0.07009907,0.13824037,0
1505670945,21666288,0.07009906,2.74336131,0
1505670945,21666286,0.07001730,0.20000000,0
1505670944,21666284,0.06986800,1.98765000,0
1505670939,21666277,0.06981500,0.71745900,0
1505670933,21666270,0.06981499,0.13483868,0
1505670921,21666240,0.06972000,0.20000000,0
1505670847,21666166,0.06974025,1.11738559,0
1505670828,21666161,0.06974026,1.40178950,1
1505670803,21666141,0.06976000,0.20000000,1
1505670788,21666120,0.06974003,0.14341022,1
1505670725,21666050,0.06982599,0.03334593,0
1505670725,21666049,0.06982599,0.96665407,0
1505670721,21666045,0.06982599,0.70728900,0
1505670688,21666019,0.06974999,0.84032062,0
1505670681,21666008,0.06975000,0.16000000,1
1505670653,21665968,0.06973164,0.18289093,0
1505670652,21665967,0.06970055,0.18629307,0
1505670650,21665956,0.06980200,1.98765000,1
1505670646,21665949,0.06980600,1.98756554,1
1505670606,21665936,0.06987060,0.49990984,1
1505670603,21665932,0.06994000,1.02603900,0
1505670603,21665931,0.06993000,0.42550000,0
1505670603,21665930,0.06990000,0.31350100,0
1505670601,21665929,0.06987850,1.23496000,0
1505670588,21665922,0.06979905,0.10000000,1
1505670587,21665919,0.06990300,0.83743100,1
1505670586,21665917,0.06990300,0.10000000,1
1505670585,21665910,0.06990300,0.95021900,1
1505670585,21665907,0.06990300,0.10000000,1
1505670584,21665905,0.06979902,6.40794341,1
1505670584,21665904,0.07000000,3.59205659,1
1505670583,21665903,0.07000000,11.67801549,1
1505670583,21665902,0.07000000,0.10000000,1
1505670582,21665901,0.07000000,48.37939500,1
1505670582,21665900,0.07000000,8.30143400,1
1505670581,21665898,0.07000000,0.35015200,1
1505670581,21665897,0.07000000,0.10000000,1
1505670580,21665896,0.07000000,5.05305200,1
1505670579,21665895,0.07000000,0.14320000,1
1505670579,21665894,0.07000000,0.40576900,1
1505670579,21665893,0.07000000,0.10000000,1
1505670578,21665890,0.07000000,0.30390200,1
1505670578,21665889,0.07000000,0.60800000,1
1505670578,21665888,0.07000000,5.19161200,1
1505670577,21665887,0.07000000,0.10000000,1
1505670577,21665886,0.07000000,0.48036000,1
1505670576,21665885,0.07000000,4.34400000,1
1505670575,21665881,0.07000300,0.42550000,0
1505670574,21665879,0.07000000,0.10000000,1
1505670573,21665876,0.07000003,0.87894186,1
1505670572,21665875,0.07000000,0.42570000,0
1505670572,21665874,0.07000000,0.57753267,0
1505670572,21665873,0.07000000,0.01452200,0
1505670572,21665872,0.06999999,1.80501575,0
1505670571,21665871,0.06997989,4.84628150,0
1505670568,21665867,0.06997990,0.29565632,0
1505670559,21665853,0.06983500,1.36318500,1
1505670559,21665852,0.06984000,0.42570000,1
1505670551,21665829,0.06984000,1.98757160,1
1505670484,21665664,0.06988703,0.20000000,0
1505670447,21665601,0.07000000,0.18547800,0
1505670447,21665598,0.07000000,2.00000000,0
1505670442,21665591,0.06996300,0.59205500,0
1505670439,21665588,0.06996300,1.39559500,0
1505670437,21665587,0.06995000,0.10000000,0
1505670437,21665586,0.06994694,0.00561600,0
1505670437,21665585,0.06979000,0.10000000,1
1505670436,21665584,0.06994707,0.07138400,1
1505670435,21665583,0.06994707,0.10000000,1
1505670435,21665581,0.06996327,1.89531300,0
1505670434,21665577,0.06996330,0.14601224,0
1505670434,21665576,0.06995841,1.89531300,0
1505670433,21665574,0.06994707,0.47161600,1
1505670430,21665566,0.06994700,1.98765000,0
1505670411,21665545,0.06975528,48.57594145,1
1505670399,21665537,0.06975460,0.10800000,1
1505670396,21665536,0.06975443,0.17000000,1
1505670392,21665535,0.06975411,0.26800000,1
1505670371,21665509,0.06975328,0.50000000,1
1505670223,21665200,0.06978600,0.92765000,1
1505670222,21665199,0.06978600,1.06000000,1
1505670205,21665171,0.06992796,0.36862222,1
1505670199,21665162,0.06990000,0.10000000,0
1505670195,21665143,0.06974486,0.20000000,1
1505670156,21665092,0.06974290,0.60000000,1
1505670149,21665081,0.06974245,0.12700000,1
1505670139,21665063,0.06974213,0.10300000,1
1505670133,21665053,0.06973448,0.16100000,1
1505670107,21664990,0.06989993,0.89119966,0
1505670107,21664989,0.06982752,0.15612134,0
1505670107,21664987,0.06982751,2.13267900,1
1505670105,21664985,0.06981000,0.00102942,1
1505670104,21664983,0.06981000,0.15000000,1
1505670096,21664973,0.06968008,0.13380659,1
1505670094,21664966,0.06979000,0.00819341,1
1505670088,21664955,0.06979007,2.00626400,1
1505670065,21664908,0.06979000,0.24000000,1
1505670058,21664870,0.06980000,0.99530754,1
1505670058,21664869,0.06981000,0.77358626,1
1505670056,21664863,0.06981000,0.21857500,1
1505670054,21664854,0.06981041,0.22307800,1
1505670053,21664848,0.06981624,0.25926350,0
1505670052,21664845,0.06981041,0.32937700,1
1505670050,21664840,0.06981041,0.50000000,1
1505670048,21664836,0.06981041,0.26760700,1
1505670048,21664835,0.06981041,0.26760700,1
1505670047,21664834,0.06981041,0.50000000,1
1505670045,21664833,0.06981041,0.50000000,1
1505670043,21664829,0.06981041,0.50000000,1
1505670039,21664825,0.06981041,0.20000000,1
1505670030,21664817,0.06981028,0.14000000,1
1505670027,21664815,0.06981624,1.70456100,0
1505670024,21664812,0.06980000,0.04383866,1
1505670024,21664811,0.06981000,0.15612134,1
1505670023,21664809,0.06980013,0.36970161,1
1505670023,21664807,0.06980014,0.31673300,1
1505670019,21664796,0.06980000,0.00000100,0
1505670017,21664793,0.06980000,3.03617400,0
1505670015,21664792,0.06980000,1.96382500,0
1505669989,21664766,0.06969546,0.20348900,1
1505669988,21664765,0.06969543,0.22701100,1
1505669986,21664762,0.06969529,0.50000000,1
1505669986,21664761,0.06969529,0.10000000,1
1505669984,21664760,0.06969516,0.10000000,1
1505669983,21664759,0.06969515,0.50000000,1
1505669982,21664758,0.06969515,0.10000000,1
1505669982,21664757,0.06969515,0.50000000,1
1505669980,21664756,0.06969502,0.10000000,1
1505669980,21664755,0.06969502,0.36442400,1
1505669978,21664753,0.06969502,0.10000000,1
1505669977,21664752,0.06969501,0.10000000,1
1505669975,21664749,0.06979999,0.43200564,0
1505669975,21664748,0.06975806,0.14307203,0
1505669975,21664747,0.06975806,0.10000000,1
1505669973,21664743,0.06969488,0.10000000,1
1505669971,21664740,0.06969485,0.10000000,1
1505669969,21664733,0.06969469,0.12200000,1
1505669969,21664732,0.06969469,0.10000000,1
1505669967,21664722,0.06969469,0.10000000,1
1505669966,21664721,0.06969456,0.37197600,1
1505669966,21664720,0.06969456,4.91625000,1
1505669966,21664718,0.06969456,0.10000000,1
1505669965,21664716,0.06969455,13.84970000,1
1505669964,21664715,0.06969455,0.10000000,1
1505669962,21664711,0.06969442,1.28378279,1
1505669962,21664710,0.06970000,0.37354735,1
1505669962,21664709,0.06970700,0.33032000,1
1505669962,21664708,0.06970700,0.10000000,1
1505669961,21664706,0.06969429,0.19200000,1
1505669960,21664704,0.06969429,0.10000000,1
1505669958,21664703,0.06969415,0.10000000,1
1505669956,21664700,0.06969417,0.10000000,1
1505669955,21664695,0.06970700,0.77692900,0
1505669954,21664692,0.06969400,0.10000000,1
1505669953,21664690,0.06969401,1.45733000,1
1505669951,21664687,0.06969174,0.17019386,0
1505669944,21664683,0.06942041,0.10000000,1
1505669943,21664679,0.06969171,1.99999965,0
1505669941,21664677,0.06964161,0.00000035,0
1505669939,21664673,0.06964161,1.44054400,0
1505669934,21664664,0.06961400,1.98765000,0
1505669933,21664661,0.06960435,0.20000000,0
1505669929,21664656,0.06958283,0.01450340,0
1505669929,21664655,0.06958283,0.63571000,0
1505669929,21664654,0.06958283,0.14305292,0
1505669926,21664651,0.06955596,0.19220791,0
1505669925,21664647,0.06950000,0.08688187,0
1505669925,21664645,0.06950000,0.00000010,0
1505669897,21664523,0.06950000,4.99999990,0
1505669896,21664522,0.06950000,2.00000000,0
1505669896,21664521,0.06950000,2.72310410,0
1505669894,21664497,0.06939088,0.40975300,1
1505669893,21664494,0.06939088,4.94439000,1
1505669893,21664485,0.06939088,0.25225000,1
1505669892,21664475,0.06939075,10.15919900,1
1505669880,21664399,0.06939005,4.79280300,1
1505669878,21664393,0.06950000,11.92890400,0
1505669877,21664386,0.06938991,8.23230227,1
1505669876,21664380,0.06938990,4.25237200,1
1505669875,21664378,0.06950000,1.11424900,0
1505669875,21664377,0.06938990,10.15919900,1
1505669875,21664376,0.06950000,3.69744684,0
1505669875,21664375,0.06949999,2.68712246,0
1505669874,21664374,0.06949000,1.98765000,0
1505669874,21664373,0.06942019,0.23663570,0
1505669874,21664371,0.06940000,2.00351351,0
1505669874,21664368,0.06940000,0.11000000,0
1505669874,21664366,0.06939000,0.00000086,0
1505669872,21664363,0.06939000,1.81841300,0
1505669865,21664342,0.06939000,2.11351400,0
1505669864,21664339,0.06938990,0.36860200,1
1505669863,21664335,0.06933300,1.98752473,0
1505669863,21664333,0.06938977,0.00012527,1
1505669862,21664331,0.06938977,7.82683673,1
1505669862,21664330,0.06939000,0.46324133,0
1505669862,21664329,0.06938982,3.93192767,0
1505669861,21664327,0.06938977,5.77614900,0
1505669861,21664326,0.06938977,3.93192800,0
1505669860,21664325,0.06932200,1.98765000,0
1505669821,21664231,0.06921300,1.98764960,0
1505669820,21664227,0.06928500,0.00000040,1
1505669819,21664219,0.06928500,1.58058100,1
1505669817,21664202,0.06928500,0.26926857,1
1505669816,21664199,0.06920103,0.00000003,0
1505669816,21664197,0.06920103,10.96878700,0
1505669814,21664193,0.06920100,0.86087500,0
1505669810,21664171,0.06920302,1.98765000,0
1505669809,21664168,0.06920302,0.62916325,1
1505669809,21664166,0.06920302,2.26235266,1
1505669809,21664164,0.06920302,1.98765000,1
1505669773,21664031,0.06938000,0.15963143,0
1505669769,21664027,0.06925000,0.42890000,1
1505669738,21663936,0.06934300,0.80746000,0
1505669738,21663935,0.06934000,0.29200000,0
1505669735,21663926,0.06920157,2.07136920,1
1505669729,21663915,0.06932400,0.85961700,0
1505669729,21663913,0.06932400,1.12803300,0
1505669725,21663907,0.06920115,1.41905464,1
1505669724,21663905,0.06920102,4.45379040,1
1505669721,21663892,0.06928999,1.69017076,0
1505669720,21663887,0.06928999,0.89825796,0
1505669720,21663885,0.06928999,0.95053904,0
1505669719,21663884,0.06928999,0.63775500,0
1505669692,21663867,0.06920149,0.12161400,0
1505669692,21663864,0.06920149,1.89000000,0
1505669671,21663853,0.06922047,4.28540864,1
1505669637,21663815,0.06932500,1.45293950,0
1505669637,21663814,0.06931499,0.63612050,0
1505669605,21663810,0.06918048,0.31091154,1
1505669602,21663805,0.06918017,0.76303500,1
1505669584,21663794,0.06929961,3.81270200,0
1505669583,21663791,0.06926999,1.84118071,0
1505669583,21663790,0.06926000,0.42860000,0
1505669581,21663786,0.06926999,0.20760305,0
1505669581,21663785,0.06926999,1.98756795,0
1505669550,21663766,0.06929524,0.39745900,0
1505669530,21663754,0.06916149,0.51538480,1
1505669504,21663736,0.06916008,0.40944000,1
1505669487,21663708,0.06915909,5.17414194,1
1505669480,21663687,0.06915860,3.00457100,1
1505669461,21663655,0.06929549,0.50000000,0
1505669433,21663618,0.06915766,0.19992357,1
1505669406,21663590,0.06915725,1.06630903,1
1505669401,21663584,0.06929964,2.50000000,0
1505669400,21663581,0.06915728,8.48992051,1
1505669379,21663567,0.06917200,1.98756723,1
1505669376,21663555,0.06915708,2.87466181,1
1505669376,21663554,0.06917000,0.42860000,1
1505669376,21663553,0.06917000,0.29200000,1
1505669376,21663551,0.06917600,1.98765000,1
1505669372,21663536,0.06918003,3.60000000,1
1505669360,21663513,0.06934193,27.10053168,1
1505669359,21663512,0.06934193,1.67298948,0
1505669332,21663476,0.06915704,1.67298948,1
1505669329,21663469,0.06939000,23.70483081,0
1505669328,21663468,0.06937566,1.93154849,0
1505669328,21663465,0.06937557,2.90000000,0
1505669328,21663463,0.06936000,0.42730000,1
1505669328,21663462,0.06935700,1.98765000,0
1505669327,21663461,0.06935696,25.94967196,1
1505669327,21663460,0.06935696,37.84615000,1
1505669326,21663459,0.06935696,71.09600000,0
1505669326,21663458,0.06935693,14.46398602,0
1505669320,21663452,0.06919500,1.67298216,1
1505669311,21663441,0.06920000,1.67293353,1
1505669203,21663344,0.06935400,0.23136168,0
1505669173,21663290,0.06918801,1.98765000,1
1505669075,21663126,0.06930500,1.98765000,0
1505669000,21662998,0.06915055,0.20961381,1
1505668993,21662986,0.06915014,1.32468298,1
1505668986,21662959,0.06913644,2.98217800,1
1505668944,21662898,0.06913504,2.41652707,1
1505668944,21662897,0.06913504,3.59892593,1
1505668944,21662896,0.06913507,2.41652707,1
1505668866,21662860,0.06913338,0.37499500,1
1505668848,21662836,0.06913325,1.53148921,1
1505668847,21662832,0.06913322,0.54082214,1
1505668742,21662785,0.06913195,0.14527500,1
1505668621,21662711,0.06916501,1.37948500,1
1505668616,21662709,0.06916500,0.38477033,1
1505668616,21662708,0.06924935,1.47987967,1
1505668576,21662681,0.06924935,0.10270000,1
1505668570,21662675,0.06924935,0.76360500,1
1505668566,21662672,0.06924935,0.10255214,1
1505668544,21662655,0.06912007,0.20000000,1
1505668501,21662637,0.06925000,0.47452000,0
1505668499,21662635,0.06910197,0.49299500,1
1505668378,21662585,0.06909003,8.42374270,1
1505668255,21662530,0.06913000,0.42730000,1
1505668250,21662529,0.06931171,0.19956613,0
1505668133,21662481,0.06908000,0.12641500,1
1505668130,21662477,0.06908001,0.67005839,0
1505668109,21662469,0.06921400,0.19955747,0
1505668094,21662462,0.06908506,2.40483000,0
1505668057,21662435,0.06914000,0.12641500,0
1505668018,21662419,0.06908506,0.12641500,0
1505667912,21662350,0.06920299,2.04259800,0
1505667909,21662348,0.06920299,0.37158900,0
1505667901,21662345,0.06920299,0.23980200,0
1505667895,21662344,0.06917897,37.78422846,1
1505667895,21662343,0.06917897,0.57746031,1
1505667895,21662342,0.06917897,3.71299418,1
1505667895,21662341,0.06917900,0.20890365,1
1505667894,21662340,0.06917897,2.65198807,1
1505667893,21662339,0.06917894,3.28328296,0
1505667893,21662338,0.06917891,12.75504602,0
1505667892,21662337,0.06917894,0.50000000,0
1505667886,21662335,0.06917899,0.42839147,0
1505667885,21662334,0.06917899,0.12090801,0
1505667874,21662326,0.06917563,0.32761300,0
1505667798,21662302,0.06908700,0.57753267,1
1505667795,21662298,0.06908800,10.21200000,0
1505667403,21662101,0.06918000,0.50000000,0
1505667391,21662098,0.06901000,1.07041463,1
1505667389,21662097,0.06911006,0.11681013,0
1505667196,21661915,0.06926000,1.65668380,0
1505667196,21661914,0.06925999,1.28213620,0
1505667190,21661910,0.06925683,4.09018015,0
1505667096,21661841,0.06920399,0.56515700,1
1505667019,21661811,0.06913000,0.14304754,0
1505666967,21661766,0.06900465,0.46791057,1
1505666963,21661761,0.06900463,0.49990943,1
1505666961,21661756,0.06900449,1.59991340,1
1505666947,21661742,0.06900379,0.36992241,1
1505666942,21661737,0.06900351,3.75046734,1
1505666940,21661731,0.06900338,1.15153266,1
1505666936,21661720,0.06913000,0.30000000,0
1505666930,21661718,0.06913000,0.20000000,0
1505666917,21661714,0.06913000,0.19955746,0
1505666904,21661705,0.06913000,0.94628000,0
1505666904,21661704,0.06912000,0.32760000,0
1505666897,21661695,0.06900154,0.12640629,1
1505666893,21661688,0.06912000,0.10000000,0
1505666882,21661679,0.06900084,0.51974723,1
1505666875,21661669,0.06900055,1.52781000,1
1505666875,21661667,0.06913300,1.98765000,1
1505666713,21661577,0.06931697,0.15806000,0
1505666689,21661566,0.06916001,0.00029900,1
1505666689,21661565,0.06919000,0.42760000,1
1505666682,21661559,0.06932481,0.50000000,0
1505666676,21661544,0.06932491,0.50000000,0
1505666635,21661523,0.06934093,0.15811000,0
1505666621,21661517,0.06919337,7.12605000,1
1505666620,21661516,0.06919334,2.91451000,1
1505666620,21661515,0.06929499,0.15811000,1
1505666620,21661513,0.06919333,0.01011398,1
1505666619,21661512,0.06919336,14.46398602,1
1505666526,21661431,0.06920045,0.94139649,1
1505666514,21661401,0.06924002,1.14070623,1
1505666498,21661377,0.06924001,0.20000000,1
1505666485,21661369,0.06921903,0.10500000,1
1505666478,21661367,0.06921900,0.10000000,1
1505666464,21661362,0.06939946,0.28067363,1
1505666463,21661359,0.06939946,1.82652637,0
1505666428,21661322,0.06935398,4.04126835,0
1505666427,21661320,0.06934000,0.00000582,0
1505666426,21661317,0.06934000,0.10629500,0
1505666426,21661314,0.06933997,0.45359200,0
1505666424,21661296,0.06915464,4.49881949,0
1505666423,21661290,0.06915500,1.98765000,1
1505666330,21661177,0.06928682,0.10164025,0
1505666299,21661158,0.06912463,3.52364923,1
1505666163,21661057,0.06928500,0.09026500,0
1505666161,21661056,0.06928489,0.20000000,0
1505666099,21661038,0.06922398,1.73333400,0
1505666080,21661025,0.06922398,2.10000000,0
1505666080,21661024,0.06922300,1.00000000,0
1505665951,21660950,0.06908027,0.50000000,1
1505665949,21660948,0.06908026,0.50000000,1
1505665948,21660946,0.06909003,0.32149900,1
1505665946,21660945,0.06909000,0.10630082,1
1505665945,21660944,0.06909001,0.32149918,1
1505665942,21660943,0.06919808,13.38666000,0
1505665931,21660942,0.06917972,2.90000000,0
1505665925,21660923,0.06917973,2.50822200,0
1505665918,21660909,0.06918000,0.09797000,0
1505665917,21660907,0.06917987,25.00000000,0
1505665884,21660802,0.06910800,1.98765000,0
1505665884,21660801,0.06909000,0.32149918,0
1505665883,21660800,0.06906987,1.47755500,0
1505665877,21660789,0.06906987,14.37013000,0
1505665876,21660788,0.06906987,9.15231500,0
1505665871,21660776,0.06907968,0.75834000,0
1505665870,21660775,0.06907971,5.22572000,0
1505665861,21660757,0.06908928,0.80544395,0
1505665857,21660755,0.06908927,0.29105000,0
1505665847,21660742,0.06908941,0.29051254,0
1505665845,21660738,0.06908944,0.29051254,0
1505665844,21660733,0.06908944,0.29051254,0
1505665842,21660730,0.06908944,0.29051254,0
1505665841,21660728,0.06908957,0.29051254,0
1505665839,21660726,0.06908958,0.29051254,0
1505665837,21660725,0.06908958,0.29055841,0
1505665832,21660712,0.06908955,0.29055841,0
1505665831,21660711,0.06908958,0.29055841,0
1505665803,21660687,0.06908987,8.28718181,0
1505665803,21660686,0.06908986,1.93281819,0
1505665728,21660599,0.06908023,2.23169501,1
1505665694,21660529,0.06922332,0.76008500,0
1505665690,21660526,0.06922332,0.06884600,0
1505665690,21660525,0.06922000,0.35995200,0
1505665680,21660514,0.06909000,0.09797000,1
1505665680,21660512,0.06922000,1.00000000,0
1505665677,21660503,0.06922000,0.20000000,0
1505665673,21660478,0.06922000,0.08004800,0
1505665660,21660466,0.06908015,0.76149500,1
1505665640,21660458,0.06921997,1.07403600,0
1505665621,21660449,0.06921985,2.50000000,0
1505665567,21660405,0.06922112,6.13700000,0
1505665393,21660266,0.06914600,1.98764996,0
1505665393,21660265,0.06914000,0.41134604,0
1505665248,21660147,0.06899032,0.70179200,1
1505665246,21660142,0.06908500,1.98765000,1
1505665237,21660127,0.06908800,1.98765000,1
1505665199,21660054,0.06926993,0.73509000,0
1505665157,21659968,0.06913602,0.31000000,1
1505665152,21659954,0.06913606,0.44800847,1
1505665142,21659929,0.06931897,1.82769292,0
1505665142,21659928,0.06914000,0.14463408,0
1505665141,21659927,0.06911120,5.80778000,1
1505665139,21659916,0.06911120,1.07127146,1
1505665139,21659914,0.06911900,1.98765000,1
1505665136,21659897,0.06912000,0.41134604,1
1505665134,21659891,0.06914000,1.12337450,1
1505665130,21659879,0.06914000,0.86427550,1
1505665122,21659838,0.06912500,0.74874960,1
1505665121,21659837,0.06912503,2.85125040,1
1505665080,21659730,0.06925000,0.00000066,1
1505665074,21659713,0.06925000,0.28880800,1
1505665069,21659692,0.06925700,1.98765000,0
1505665065,21659671,0.06924200,2.90000000,1
1505665064,21659667,0.06923000,0.16816100,0
1505665064,21659665,0.06922996,2.90000000,0
1505665062,21659657,0.06901815,0.54188900,1
1505665011,21659530,0.06916000,0.12383900,0
1505665011,21659529,0.06915999,1.86381100,0
1505665004,21659517,0.06912999,1.60826500,0
1505665004,21659516,0.06912999,2.08636995,0
1505664993,21659492,0.06914300,0.00848409,0
1505664992,21659491,0.06914000,0.32455000,0
1505664992,21659490,0.06911989,1.04667591,0
1505664991,21659488,0.06910996,2.08783000,0
1505664974,21659431,0.06894009,0.80992300,1
1505664972,21659422,0.06895000,0.29200000,1
1505664949,21659315,0.06893782,0.47424200,1
1505664948,21659312,0.06893794,2.12557800,1
1505664948,21659308,0.06893794,0.47424200,1
1505664943,21659273,0.06893771,0.49676000,1
1505664929,21659220,0.06905099,10.01001000,0
1505664928,21659212,0.06905100,0.86656700,0
1505664919,21659154,0.06893748,0.37765000,0
1505664918,21659141,0.06893747,0.29200000,1
1505664909,21659085,0.06893746,0.69853700,1
1505664902,21659049,0.06893748,0.37398700,1
1505664899,21659031,0.06912568,0.83675500,0
1505664895,21659017,0.06895000,0.32455000,1
1505664888,21658989,0.06914000,1.84352500,0
1505664885,21658965,0.06914000,0.14412500,0
1505664883,21658954,0.06903014,0.32517297,0
1505664883,21658952,0.06902999,0.09879000,0
1505664878,21658932,0.06889614,7.28216327,1
1505664873,21658915,0.06903013,0.32373300,1
1505664872,21658911,0.06905300,0.50136100,0
1505664869,21658899,0.06903000,3.60000000,1
1505664867,21658883,0.06904800,1.56065000,0
1505664865,21658877,0.06903000,2.28685717,1
1505664864,21658873,0.06903000,0.98591413,1
1505664864,21658871,0.06903000,1.00173587,1
1505664860,21658839,0.06902000,0.42700000,0
1505664844,21658745,0.06889502,1.14785500,1
1505664843,21658737,0.06889502,0.37938036,1
1505664838,21658673,0.06889474,5.04787000,1
1505664833,21658629,0.06889457,0.68782754,1
1505664825,21658550,0.06889419,0.60369000,0
1505664824,21658545,0.06887601,0.37593439,1
1505664824,21658542,0.06889416,0.30539987,1
1505664823,21658533,0.06889419,0.30529860,1
1505664806,21658502,0.06902790,0.73053100,0
1505664806,21658501,0.06902790,10.46890200,0
1505664801,21658495,0.06902822,0.27802200,0
1505664788,21658478,0.06902899,0.29200000,0
1505664787,21658477,0.06897601,2.28515151,0
1505664770,21658338,0.06897511,2.28515200,0
1505664767,21658314,0.06897501,2.28637376,1
1505664764,21658301,0.06897498,6.69247000,0
1505664759,21658281,0.06897507,5.11010949,0
1505664757,21658271,0.06897511,3.77915923,1
1505664756,21658267,0.06897600,1.98765000,1
1505664756,21658264,0.06897601,6.31825048,1
1505664755,21658257,0.06897601,14.52174000,1
1505664754,21658255,0.06897601,48.70200952,1
1505664746,21658212,0.06897509,14.52174000,1
1505664743,21658189,0.06914499,0.23249331,0
1505664734,21658168,0.06897503,9.10047600,1
1505664734,21658166,0.06897503,18.75634000,1
1505664727,21658144,0.06897501,6.23462200,1
1505664724,21658133,0.06897501,26.25194800,1
1505664721,21658122,0.06897501,6.22795300,1
1505664720,21658117,0.06904900,1.98765000,0
1505664715,21658106,0.06897501,14.50769000,1
1505664713,21658100,0.06901243,1.00173600,1
1505664712,21658098,0.06901243,5.99868999,1
1505664712,21658097,0.06901243,14.50482000,0
1505664712,21658096,0.06901239,0.60910001,0
1505664711,21658095,0.06897999,2.90000000,0
1505664711,21658094,0.06897500,1.98765000,1
1505664707,21658086,0.06898402,0.98591413,1
1505664706,21658083,0.06898402,2.20147100,1
1505664703,21658076,0.06898402,0.71094034,1
1505664703,21658074,0.06901243,0.00013130,1
1505664702,21658072,0.06901243,31.24793970,1
1505664702,21658071,0.06901243,3.43592500,1
1505664701,21658063,0.06901243,31.53212200,1
1505664701,21658062,0.06902000,0.42700000,1
1505664700,21658055,0.06901243,4.41288200,1
1505664700,21658053,0.06901256,5.33517000,1
1505664700,21658051,0.06901256,9.61646000,1
1505664698,21658042,0.06901239,4.43977379,1
1505664698,21658040,0.06901239,10.81217421,1
1505664698,21658039,0.06901242,4.43977379,1
1505664683,21658023,0.06901221,11.65649100,1
1505664683,21658022,0.06902000,0.29200000,1
1505664681,21658018,0.06902003,2.26031500,1
1505664656,21657994,0.06902009,1.07080977,1
1505664652,21657985,0.06902023,0.48963400,0
1505664652,21657984,0.06902023,2.41036600,0
1505664647,21657964,0.06902023,0.32571100,1
1505664629,21657950,0.06911717,4.21319751,0
1505664629,21657949,0.06911717,1.00230923,0
1505664629,21657948,0.06911000,0.19118346,0
1505664571,21657869,0.06917362,0.32575000,0
1505664570,21657868,0.06917362,6.86344100,0
1505664538,21657839,0.06923300,1.98765000,1
1505664532,21657826,0.06930200,2.23751737,1
1505664447,21657776,0.06934500,1.04182200,0
1505664446,21657775,0.06934500,0.10000000,0
1505664403,21657760,0.06930200,0.38174000,1
1505664399,21657754,0.06930200,0.38329500,1
1505664398,21657752,0.06930200,0.29995100,1
1505664384,21657721,0.06930200,1.07067200,1
1505664383,21657718,0.06930200,0.10000000,1
1505664307,21657675,0.06921028,0.10000000,1
1505664231,21657553,0.06930000,1.00000000,0
1505664229,21657551,0.06929999,2.90000000,0
1505664189,21657532,0.06917072,14.47186000,1
1505664188,21657529,0.06917072,0.24213300,1
1505664188,21657526,0.06917072,16.98720100,1
1505664187,21657524,0.06917071,4.30001800,1
1505664187,21657522,0.06917071,5.87161000,1
1505664183,21657513,0.06917044,3.99352200,1
1505664181,21657508,0.06917041,8.85546800,1
1505664179,21657501,0.06917028,1.22187052,1
1505664179,21657500,0.06917028,2.77165148,1
1505664175,21657493,0.06917013,1.61920934,1
1505664174,21657492,0.06917013,7.35558700,1
1505664174,21657490,0.06917001,4.47330447,1
1505664173,21657489,0.06929000,0.23471654,0
1505664171,21657484,0.06915000,0.42590000,1
1505664168,21657477,0.06914275,1.01998648,1
1505663998,21657387,0.06923000,1.15764000,0
1505663979,21657375,0.06918096,4.84628150,0
1505663958,21657370,0.06918095,1.16100000,0
1505663947,21657368,0.06918096,6.38100000,0
1505663932,21657363,0.06918892,4.84628100,0
1505663927,21657360,0.06900125,0.19505200,1
1505663923,21657356,0.06913900,0.98765000,0
1505663922,21657355,0.06913900,1.00000000,0
1505663917,21657352,0.06913499,0.40787000,0
1505663598,21657077,0.06893041,0.27187800,1
1505663538,21657049,0.06898096,0.92923800,0
1505663537,21657048,0.06898096,0.26030900,0
1505663533,21657045,0.06898096,0.15731000,0
1505663453,21657021,0.06898096,0.25544600,0
1505663434,21657003,0.06898096,0.39020600,0
1505663372,21656983,0.06897699,0.09262600,0
1505663372,21656981,0.06887004,0.09991600,0
1505663370,21656980,0.06887004,0.19085400,0
1505663357,21656976,0.06885401,1.00000000,1
1505663355,21656971,0.06887004,0.29069200,1
1505663351,21656965,0.06887006,2.18813679,1
1505663340,21656953,0.06896043,0.23032200,0
1505663204,21656869,0.06904100,1.98765000,1
1505663193,21656863,0.06913000,0.03420736,1
1505663163,21656856,0.06913000,0.30579264,1
1505663158,21656853,0.06913000,3.26000000,1
1505663132,21656809,0.06910500,0.27663200,0
1505663130,21656801,0.06905000,0.51148300,0
1505663127,21656796,0.06905000,2.49237684,0
1505663122,21656787,0.06905000,0.99614016,0
1505662879,21656558,0.06908000,0.29200000,0
1505662849,21656542,0.06902400,1.98764960,0
1505662849,21656541,0.06902399,0.34797740,0
1505662846,21656535,0.06886207,1.61768357,1
1505662846,21656534,0.06886207,8.40035700,1
1505662844,21656524,0.06886196,0.32570800,1
1505662802,21656434,0.06885516,2.62674520,1
1505662753,21656354,0.06901720,5.12443300,0
1505662671,21656290,0.06893000,1.98765000,0
1505662666,21656286,0.06892000,1.98765000,0
1505662552,21656218,0.06874619,8.01235000,1
1505662552,21656217,0.06881600,1.98765000,1
1505662502,21656127,0.06895949,2.07290000,1
1505662501,21656126,0.06895000,0.42710000,0
1505662436,21656051,0.06882311,0.86181537,1
1505662424,21656027,0.06883000,0.11176457,1
1505662423,21656023,0.06883000,0.90269133,1
1505662423,21656022,0.06885100,0.32496883,1
1505662418,21656007,0.06885100,1.66268117,1
1505662418,21656005,0.06888000,0.29200000,1
1505662399,21655945,0.06890032,1.19000000,1
1505662390,21655924,0.06890028,2.91000000,1
1505662389,21655921,0.06890031,2.91000000,1
1505662382,21655898,0.06906863,0.50000000,0
1505662096,21655741,0.06900000,0.42710000,1
1505661904,21655694,0.06915000,3.48881951,1
1505661904,21655693,0.06915000,1.46569000,1
1505661903,21655692,0.06915000,0.17252100,0
1505661898,21655691,0.06914997,0.10000000,0
1505661768,21655625,0.06910493,0.50000000,1
1505661741,21655580,0.06909493,2.91000000,1
1505661669,21655513,0.06896000,0.17252100,1
1505661667,21655502,0.06900000,0.14654078,1
1505661667,21655501,0.06900000,0.01024021,1
1505661656,21655481,0.06900001,4.99795800,0
1505661588,21655412,0.06900000,0.14475979,1
1505661572,21655338,0.06901927,0.13760000,0
1505661482,21655274,0.06901930,0.03347605,0
1505661482,21655273,0.06901930,0.10197671,0
1505661480,21655272,0.06901930,0.13545276,0
1505661479,21655271,0.06901930,0.27090553,0
1505661227,21655175,0.06896597,3.99999963,0
1505661227,21655174,0.06892899,0.00000037,0
1505661213,21655173,0.06892899,0.29044400,0
1505661200,21655161,0.06885000,0.13778018,0
1505661200,21655159,0.06884000,0.09100000,0
1505661196,21655156,0.06884034,0.20000000,1
1505661176,21655139,0.06886000,0.29044437,1
1505661168,21655129,0.06902033,0.97564249,0
1505661146,21655124,0.06902069,0.13848500,0
1505661101,21655103,0.06885102,0.29048656,1
1505661093,21655085,0.06884050,0.21014800,1
1505661091,21655082,0.06898300,1.98765000,0
1505661087,21655080,0.06884047,0.32870900,1
1505661071,21655064,0.06884041,5.08847783,1
1505661068,21655061,0.06889364,12.81398397,0
1505661066,21655059,0.06889364,13.25683971,0
1505661066,21655057,0.06889365,0.27473632,1
1505661065,21655056,0.06890200,1.98765000,1
1505661064,21655054,0.06889365,0.21945000,1
1505661063,21655053,0.06890800,1.98765000,1
1505661063,21655052,0.06893000,0.08590000,1
1505661004,21655012,0.06906000,0.36796003,0
1505660976,21654986,0.06889821,1.20714631,1
1505660818,21654845,0.06896000,0.42700000,1
1505660807,21654839,0.06895400,0.10000000,1
1505660804,21654838,0.06918997,1.56909311,1
1505660804,21654837,0.06918997,2.91000000,1
1505660804,21654836,0.06918997,7.95676182,1
1505660804,21654835,0.06914800,1.98765000,0
1505660804,21654834,0.06911404,3.68113020,1
1505660803,21654833,0.06911404,0.62350000,0
1505660685,21654781,0.06911684,0.10000000,0
1505660649,21654743,0.06911707,1.44537000,0
1505660583,21654704,0.06911774,0.36143000,0
1505660532,21654675,0.06911805,1.44672100,0
1505660529,21654671,0.06893639,0.42742700,1
1505660342,21654542,0.06907851,0.50000000,0
1505660284,21654497,0.06907887,2.62520406,0
1505660273,21654494,0.06907896,1.94983000,0
1505660266,21654493,0.06903388,2.48183800,0
1505660266,21654491,0.06903388,2.91000000,0
1505660251,21654490,0.06903395,0.34721500,0
1505660179,21654480,0.06903395,0.08094700,0
1505660166,21654473,0.06903392,5.94691200,0
1505660160,21654470,0.06903395,0.29100000,0
1505660160,21654469,0.06896014,0.00000013,0
1505660150,21654468,0.06896012,0.13908745,0
1505660147,21654467,0.06896012,0.08122200,0
1505660145,21654466,0.06896012,1.66606700,0
1505660128,21654427,0.06896012,0.30524800,0
1505660066,21654408,0.06893019,1.64973600,0
1505660063,21654405,0.06889902,3.17053200,1
1505660061,21654403,0.06896014,1.26026400,0
1505660056,21654391,0.06899001,0.29039300,1
1505660056,21654389,0.06899001,1.25964850,1
1505660052,21654385,0.06899000,0.98458700,1
1505660049,21654381,0.06899000,1.00306300,1
1505660044,21654378,0.06902000,0.29100000,1
1505660029,21654369,0.06902048,2.84998018,1
1505659873,21654312,0.06907099,0.55391667,1
1505659872,21654311,0.06907099,2.35608333,0
1505659867,21654309,0.06898000,0.35234000,0
1505659828,21654296,0.06902000,0.07436000,0
1505659661,21654241,0.06904000,0.42670000,1
1505659650,21654230,0.06905900,0.10779645,1
1505659622,21654200,0.06922180,2.35608233,0
1505659533,21654115,0.06907900,0.00000100,1
1505659533,21654114,0.06907900,1.98764900,1
1505659524,21654110,0.06907974,6.05215641,1
1505659524,21654109,0.06907974,2.58142059,1
1505659524,21654108,0.06907974,0.26800000,1
1505659524,21654107,0.06907977,6.05215641,1
1505659503,21654092,0.06922776,0.22175300,0
1505659354,21653964,0.06922287,2.90999500,0
1505659352,21653959,0.06922284,0.63975400,0
1505659322,21653918,0.06916774,1.17400000,0
1505659316,21653913,0.06916785,3.04789941,0
1505659299,21653906,0.06916872,11.12987900,0
1505659296,21653905,0.06916888,2.74972500,0
1505659269,21653891,0.06904139,0.60000000,0
1505659184,21653841,0.06912700,1.98765000,1
1505658964,21653771,0.06939769,2.14275000,1
1505658964,21653769,0.06919700,1.98765000,0
1505658962,21653763,0.06917000,0.26960000,0
1505658953,21653758,0.06918000,0.15600000,0
1505658849,21653702,0.06905415,0.67398355,1
1505658753,21653651,0.06905415,1.20865817,1
1505658752,21653648,0.06905415,1.07257900,1
1505658751,21653647,0.06905415,0.13749500,1
1505658746,21653639,0.06905415,0.96010700,1
1505658746,21653638,0.06905415,1.81239800,1
1505658746,21653637,0.06905500,0.08000000,1
1505658713,21653594,0.06905414,4.27020276,1
1505658712,21653589,0.06905414,1.89499153,1
1505658712,21653588,0.06905414,2.91000000,1
1505658711,21653582,0.06905414,6.32581769,1
1505658711,21653581,0.06905414,2.91000000,1
1505658711,21653580,0.06905414,2.10135435,1
1505658711,21653579,0.06905414,10.96962200,1
1505658710,21653576,0.06905414,0.82508871,1
1505658630,21653412,0.06905154,3.22999500,1
1505658550,21653383,0.06904816,5.53601398,1
1505658550,21653382,0.06904819,4.46398602,1
1505658447,21653342,0.06904215,10.00000000,1
1505658432,21653337,0.06919297,0.78129000,0
1505658407,21653312,0.06920199,0.32924173,1
1505658318,21653230,0.06900100,14.39831007,1
1505658224,21653095,0.06893971,0.15449771,0
1505658224,21653094,0.06916117,0.38333554,1
1505658223,21653093,0.06916117,4.89418682,1
1505658223,21653092,0.06916117,0.48472993,0
1505658223,21653091,0.06916117,1.98765000,0
1505658221,21653089,0.06917000,0.42560000,1
1505658216,21653053,0.06939751,49.30010596,0
1505658203,21652975,0.06939757,2.07177645,0
1505658201,21652957,0.06939761,24.23204100,0
1505658201,21652955,0.06939758,3.88436900,0
1505658200,21652947,0.06939761,29.53787880,0
1505658200,21652941,0.06933000,0.42480000,0
1505658198,21652929,0.06914440,0.26322776,1
1505658198,21652927,0.06918319,0.23663570,1
1505658198,21652926,0.06920000,0.42480000,1
1505658191,21652832,0.06919007,2.50000000,1
1505658187,21652805,0.06939772,0.32400278,0
1505658163,21652763,0.06918321,3.84035151,1
1505658137,21652739,0.06918320,0.00139000,1
1505658137,21652737,0.06920600,1.98765000,1
1505658133,21652730,0.06920003,1.06000000,1
1505658130,21652728,0.06920000,1.05000000,1
1505658121,21652709,0.06929999,2.50000000,0
1505658117,21652701,0.06919998,0.78386727,1
1505658114,21652691,0.06939774,0.26239090,1
1505658110,21652678,0.06939774,2.36942277,1
1505658110,21652677,0.06939774,11.79800000,1
1505658109,21652675,0.06939773,0.47388455,0
1505658109,21652673,0.06934874,0.23663570,0
1505658109,21652672,0.06929800,1.98765000,0
1505658109,21652671,0.06928621,1.00000000,0
1505658109,21652670,0.06928617,2.36942277,0
1505658109,21652669,0.06926796,0.15705589,0
1505658109,21652667,0.06920000,5.83909110,0
1505658109,21652665,0.06920000,1.49102632,0
1505658108,21652664,0.06919998,0.32730586,0
1505658106,21652658,0.06919999,0.21290834,0
1505658105,21652655,0.06919999,1.63901734,0
1505658099,21652626,0.06919999,0.39620942,0
1505658099,21652622,0.06915016,1.96680800,1
1505658097,21652610,0.06920000,1.07140017,0
1505658090,21652593,0.06920000,0.56385838,0
1505658084,21652581,0.06919998,0.38472554,0
1505658082,21652571,0.06913900,1.31705400,1
1505658082,21652570,0.06917997,0.67059600,1
1505658082,21652567,0.06920000,3.92793968,0
1505658081,21652566,0.06920000,0.10000000,0
1505658081,21652564,0.06917997,0.67060132,0
1505658081,21652562,0.06913900,1.98765000,0
1505658081,21652561,0.06913000,0.42530500,0
1505658080,21652558,0.06913000,2.48469500,0
1505658080,21652556,0.06912000,0.42530000,0
1505658012,21652502,0.06900400,1.98765000,1
1505658002,21652485,0.06902500,0.35000000,1
1505657994,21652483,0.06902800,1.00750000,1
1505657894,21652417,0.06910500,1.00271000,0
1505657875,21652397,0.06904860,6.62467000,1
1505657871,21652385,0.06896503,1.50600000,0
1505657871,21652383,0.06896500,1.98765000,1
1505657851,21652359,0.06896700,0.28759800,1
1505657844,21652346,0.06895915,0.32436900,1
1505657821,21652311,0.06900279,1.39871437,0
1505657820,21652304,0.06900279,0.17081446,0
1505657819,21652298,0.06900279,2.15844554,0
1505657818,21652297,0.06900206,2.89675866,0
1505657817,21652295,0.06900279,2.15844554,1
1505657817,21652294,0.06900280,13.75194943,1
1505657809,21652272,0.06901004,1.46576035,1
1505657808,21652270,0.06901001,11.50153200,1
1505657807,21652269,0.06901000,0.42530000,1
1505657802,21652255,0.06913400,0.93022226,0
1505657736,21652218,0.06911000,0.61511100,0
1505657736,21652217,0.06910999,0.38488900,0
1505657734,21652211,0.06901002,0.25779735,0
1505657722,21652200,0.06901001,0.42530000,1
1505657721,21652196,0.06901003,0.25779731,0
1505657656,21652160,0.06913400,0.11330774,0
1505657649,21652151,0.06912500,1.98765000,0
1505657638,21652134,0.06911687,3.99761000,0
1505657554,21652096,0.06893033,0.38583292,1
1505657552,21652089,0.06893019,1.17320100,1
1505657483,21652073,0.06887700,0.21045966,1
1505657475,21652070,0.06900000,9.32905102,0
1505657475,21652069,0.06900000,2.71561480,0
1505657449,21652056,0.06900000,0.53030200,0
1505657412,21652040,0.06900000,11.93733900,0
1505657412,21652039,0.06899996,2.91000000,0
1505657406,21652037,0.06899997,7.76203916,0
1505657390,21652034,0.06900000,0.40830607,0
1505657390,21652033,0.06898450,0.31726393,0
1505657380,21652031,0.06898450,0.22676700,0
1505657372,21652023,0.06898450,0.72354200,0
1505657369,21652022,0.06898450,1.87884400,0
1505657366,21652021,0.06898447,0.34917649,0
1505657365,21652020,0.06895000,0.01362551,0
1505657355,21652011,0.06895000,0.37959300,0
1505657347,21652003,0.06895000,0.20429000,0
1505657343,21651996,0.06896981,1.04726620,0
1505657333,21651986,0.06895000,0.38361325,0
1505657333,21651984,0.06894000,0.29191585,0
1505657326,21651974,0.06896981,4.21199200,1
1505657307,21651952,0.06888996,8.49052054,1
1505657306,21651951,0.06891400,0.64365707,0
1505657306,21651950,0.06889999,0.77009693,0
1505657304,21651949,0.06888996,1.41375403,1
1505657304,21651948,0.06888000,0.42620000,0
1505657304,21651947,0.06882876,1.00000000,0
1505657292,21651938,0.06884000,1.98765000,0
1505657292,21651936,0.06882109,1.00000000,0
1505657291,21651934,0.06879999,2.60238385,0
1505657285,21651931,0.06877199,2.87671800,0
1505657284,21651929,0.06875511,1.00000000,0
1505657281,21651925,0.06877198,2.65515300,0
1505657281,21651923,0.06877198,2.55964000,0
1505657277,21651894,0.06877198,1.81492600,0
1505657276,21651893,0.06877198,0.07731700,0
1505657274,21651890,0.06877198,0.13880000,0
1505657273,21651874,0.06877198,2.08190000,0
1505657273,21651870,0.06877198,0.30141000,0
1505657270,21651847,0.06877198,0.20324300,0
1505657264,21651829,0.06878991,0.12328200,1
1505657260,21651822,0.06878993,2.44723000,0
1505657256,21651820,0.06878991,2.07900000,0
1505657254,21651817,0.06879000,0.10088836,0
1505657187,21651753,0.06862195,1.00000000,1
1505657165,21651722,0.06863000,0.29191585,1
1505657165,21651720,0.06864945,0.00008415,1
1505657145,21651700,0.06864945,1.17834885,1
1505657143,21651692,0.06864945,0.99633900,1
1505657117,21651666,0.06864945,0.82522800,1
1505657104,21651656,0.06866808,0.29420000,1
1505657079,21651633,0.06878404,0.16954100,0
1505657059,21651614,0.06878295,1.98765000,0
1505657037,21651585,0.06866883,0.09999500,0
1505657035,21651576,0.06866883,0.10000000,0
1505657034,21651574,0.06866883,0.10000000,0
1505657032,21651568,0.06866883,0.10000000,0
1505657027,21651555,0.06868301,1.00000000,1
1505657010,21651541,0.06869499,1.00000000,0
1505657010,21651539,0.06868301,0.93784900,0
1505657008,21651535,0.06869499,1.00000000,1
1505656981,21651489,0.06880957,5.00000000,0
1505656963,21651455,0.06871003,1.76243848,0
1505656948,21651447,0.06872700,0.55996916,1
1505656944,21651443,0.06872700,0.10895393,1
1505656944,21651441,0.06873727,0.56013673,1
1505656943,21651439,0.06875516,1.00000000,1
1505656938,21651435,0.06873727,0.43986327,1
1505656933,21651424,0.06872119,0.80275700,1
1505656932,21651422,0.06873600,1.98765000,1
1505656930,21651408,0.06873603,3.43332000,1
1505656914,21651343,0.06889600,0.19999969,0
1505656914,21651342,0.06886900,0.00000031,0
1505656906,21651319,0.06872043,0.47023891,1
1505656904,21651310,0.06872043,2.78851000,1
1505656904,21651309,0.06873000,0.42620000,1
1505656899,21651295,0.06872041,1.90931151,1
1505656894,21651273,0.06886900,0.99999969,0
1505656894,21651272,0.06884135,0.37025131,0
1505656892,21651257,0.06872039,1.01862893,1
1505656874,21651194,0.06884135,0.62974869,0
1505656874,21651192,0.06884135,0.29065131,0
1505656873,21651191,0.06872008,0.29306900,1
1505656871,21651189,0.06884135,0.10511200,0
1505656858,21651177,0.06884088,2.52908797,0
1505656855,21651175,0.06884067,0.09999900,0
1505656851,21651172,0.06880232,1.00000000,0
1505656839,21651163,0.06870165,2.03577353,1
1505656829,21651147,0.06870043,0.39932868,1
1505656822,21651140,0.06880232,0.81214600,0
1505656818,21651135,0.06880232,1.00000000,0
1505656818,21651134,0.06880178,0.55783100,0
1505656813,21651124,0.06868312,5.39807004,1
1505656812,21651121,0.06868309,8.21245000,1
1505656811,21651111,0.06880178,1.00000000,0
1505656810,21651108,0.06880178,2.91000000,0
1505656784,21651090,0.06880178,0.17245200,0
1505656751,21651055,0.06884135,0.60423669,0
1505656751,21651054,0.06881533,0.25464500,0
1505656751,21651053,0.06878769,0.14181831,0
1505656676,21650991,0.06881533,0.10000000,0
1505656676,21650990,0.06881533,0.64535500,0
1505656676,21650989,0.06879699,0.20000000,0
1505656675,21650988,0.06879699,0.10000000,0
1505656675,21650987,0.06879699,1.06000000,0
1505656674,21650986,0.06879699,1.14745000,0
1505656673,21650984,0.06879699,0.10000000,0
1505656671,21650976,0.06879699,0.10000000,0
1505656669,21650975,0.06879699,0.10000000,0
1505656667,21650969,0.06879699,0.10000000,0
1505656665,21650968,0.06879699,0.10000000,0
1505656664,21650966,0.06879699,0.10000000,0
1505656662,21650958,0.06879699,0.10000000,0
1505656659,21650954,0.06879699,1.06255000,0
1505656657,21650950,0.06879200,1.84745000,0
1505656656,21650948,0.06879200,0.14020000,0
1505656656,21650947,0.06879199,0.45899750,0
1505656649,21650944,0.06879696,1.24320000,0
1505656649,21650943,0.06874215,1.00000000,0
1505656644,21650941,0.06879700,1.98765000,0
1505656644,21650939,0.06875000,0.18675432,0
1505656641,21650938,0.06872264,1.00000000,0
1505656631,21650935,0.06875900,1.80512100,0
1505656621,21650931,0.06860226,0.56941700,1
1505656516,21650823,0.06859089,0.08122000,1
1505656514,21650817,0.06859088,0.18699454,1
1505656511,21650808,0.06859090,0.38824400,1
1505656511,21650806,0.06873819,0.85734500,0
1505656511,21650805,0.06873352,1.00000000,0
1505656477,21650769,0.06871296,2.73359800,0
1505656476,21650768,0.06871296,0.79634100,0
1505656449,21650759,0.06868360,0.15244935,1
1505656448,21650754,0.06868360,1.00000000,0
1505656448,21650753,0.06866831,0.45305827,0
1505656448,21650752,0.06866831,0.19955748,0
1505656433,21650740,0.06866831,0.10000000,0
1505656431,21650737,0.06866831,0.10000000,0
1505656430,21650736,0.06866831,0.14738425,0
1505656430,21650735,0.06862755,0.00868775,0
1505656429,21650734,0.06862755,0.20659900,0
1505656428,21650733,0.06862755,0.10000000,0
1505656427,21650732,0.06862755,0.10000000,0
1505656424,21650727,0.06862755,0.10000000,0
1505656415,21650720,0.06857723,2.94887700,0
1505656397,21650697,0.06857703,5.51946593,1
1505656381,21650678,0.06862755,0.13525900,0
1505656327,21650656,0.06862755,0.20000000,0
1505656301,21650641,0.06862755,0.14945425,0
1505656301,21650640,0.06861451,0.05054575,0
1505656279,21650621,0.06861451,0.94945425,0
1505656279,21650619,0.06860962,0.84033000,0
1505656263,21650608,0.06860962,0.15967000,0
1505656251,21650602,0.06859657,0.10000001,0
1505656248,21650600,0.06859658,1.00000000,0
1505656216,21650587,0.06858368,1.18661700,0
1505656213,21650584,0.06857702,2.90985990,1
1505656210,21650583,0.06857702,0.90000000,0
1505656208,21650579,0.06857598,0.19989026,1
1505656205,21650578,0.06857702,0.10000000,0
1505656194,21650569,0.06857598,0.20000000,0
1505656181,21650562,0.06857599,0.20000000,0
1505656178,21650561,0.06840145,0.78296047,0
1505656149,21650546,0.06843601,1.00000000,1
1505656138,21650537,0.06860999,0.18675400,0
1505656133,21650531,0.06850000,0.10424568,0
1505656122,21650523,0.06851344,1.03757263,1
1505656062,21650472,0.06845639,0.32128000,0
1505656062,21650470,0.06845639,0.69107000,1
1505656062,21650469,0.06854700,1.98765000,1
1505656061,21650468,0.06845639,1.30893000,1
1505656061,21650467,0.06848084,1.00000000,1
1505656061,21650466,0.06848763,2.00000000,1
1505656060,21650465,0.06849225,1.00000000,1
1505656060,21650464,0.06855005,2.00000000,1
1505656060,21650463,0.06855300,1.98765000,1
1505656059,21650462,0.06861700,0.13285007,1
1505656014,21650443,0.06864128,2.00000000,1
1505655986,21650435,0.06861700,1.72200000,1
1505655768,21650259,0.06891238,17.59870000,0
1505655768,21650258,0.06886067,4.00000000,0
1505655768,21650257,0.06878405,1.00000000,0
1505655767,21650256,0.06876286,1.98765000,0
1505655767,21650254,0.06872000,1.98765000,0
1505655767,21650253,0.06871797,73.42600000,0
1505655712,21650189,0.06842877,1.33253403,1
1505655712,21650188,0.06858600,1.98765000,1
1505655712,21650187,0.06859000,0.29100000,1
1505655711,21650186,0.06860002,0.12116597,1
1505655711,21650185,0.06860003,1.98765000,1
1505655615,21650080,0.06876286,0.01235000,0
1505655615,21650079,0.06875000,1.98765000,0
1505655615,21650078,0.06872537,0.42051906,0
1505655594,21650045,0.06868800,0.87228400,0
1505655589,21650041,0.06868800,0.17454000,0
1505655583,21650034,0.06870500,0.28180000,0
1505655580,21650028,0.06850504,2.55485644,1
1505655578,21650018,0.06870500,1.70585000,0
1505655577,21650012,0.06872537,1.57948094,0
1505655577,21650010,0.06869928,1.36455306,0
1505655576,21650001,0.06869928,0.34010075,0
1505655572,21649981,0.06869928,0.29534619,0
1505655572,21649980,0.06865600,1.35856200,0
1505655567,21649953,0.06865600,0.62908800,0
1505655554,21649921,0.06862000,1.10627100,0
1505655544,21649897,0.06860800,1.98765000,0
1505655519,21649867,0.06856400,1.39003500,0
1505655512,21649852,0.06856200,0.59761523,0
1505655512,21649850,0.06856199,0.72469900,0
1505655511,21649849,0.06852400,0.13295377,0
1505655510,21649848,0.06852394,2.23000000,0
1505655510,21649847,0.06852394,0.68558082,0
1505655508,21649843,0.06852394,1.54441918,0
1505655508,21649841,0.06852394,0.67930000,0
1505655500,21649824,0.06852394,2.09130000,0
1505655500,21649821,0.06852394,0.13940000,0
1505655486,21649808,0.06852393,0.07803000,0
1505655467,21649786,0.06852395,0.32814801,0
1505655465,21649784,0.06852392,7.19252068,0
1505655458,21649753,0.06852400,0.25307921,0
1505655447,21649713,0.06841000,8.72820100,1
1505655427,21649609,0.06841000,0.48787200,1
1505655422,21649598,0.06841000,0.78392700,1
1505655417,21649592,0.06850690,0.22399999,0
1505655416,21649591,0.06850690,0.24086460,0
1505655415,21649585,0.06850690,0.48400000,0
1505655414,21649583,0.06850690,0.24086457,0
1505655412,21649576,0.06850690,0.50000000,0
1505655409,21649566,0.06850691,0.50000000,0
1505655406,21649542,0.06850691,0.20800000,0
1505655406,21649541,0.06850000,0.29200000,0
1505655401,21649523,0.06847269,4.00000000,1
1505655400,21649519,0.06850693,0.25074970,0
1505655400,21649518,0.06850693,3.30355300,0
1505655400,21649517,0.06850692,1.72551130,0
1505655396,21649501,0.06847272,6.82753100,1
1505655396,21649498,0.06850693,3.30355300,1
1505655388,21649479,0.06850693,0.69644700,1
1505655306,21649276,0.06847100,1.98765000,1
1505655281,21649215,0.06855400,1.81453206,1
1505655278,21649205,0.06855400,0.17311794,1
1505655278,21649203,0.06859800,0.02688206,1
1505655270,21649153,0.06859800,0.23833202,1
1505655270,21649152,0.06861000,0.02678592,1
1505655269,21649151,0.06876899,0.14424000,0
1505655269,21649148,0.06861000,0.26521408,1
1505655265,21649125,0.06859800,0.42631800,1
1505655263,21649099,0.06859800,0.92631300,1
1505655257,21649058,0.06862003,0.37124088,0
1505655239,21648973,0.06869500,1.98765000,1
1505655239,21648970,0.06872300,0.13295377,1
1505655221,21648929,0.06885395,0.20000000,0
1505655129,21648719,0.06872304,0.02902300,0
1505655129,21648716,0.06882260,0.08800000,1
1505655122,21648690,0.06886066,2.73069832,1
1505655105,21648603,0.06876021,2.73471400,1
1505655030,21648488,0.06881300,1.98765000,1
1505655030,21648486,0.06889170,0.84776592,1
1505655017,21648466,0.06894298,1.09365739,0
1505655012,21648459,0.06889170,2.17467200,1
1505655012,21648455,0.06894299,0.82923586,0
1505655010,21648450,0.06894299,0.39072862,0
1505655008,21648442,0.06894299,0.39077214,0
1505654999,21648430,0.06892000,0.22530000,0
1505654999,21648428,0.06891110,3.02243792,0
1505654998,21648422,0.06890987,1.68672700,0
1505654996,21648418,0.06890987,0.86621300,0
1505654987,21648409,0.06885315,5.14629385,0
1505654986,21648408,0.06885315,2.91000000,0
1505654921,21648330,0.06888973,0.10000000,0
1505654919,21648322,0.06888986,0.10000000,0
1505654917,21648311,0.06889000,0.10000000,0
1505654916,21648290,0.06889000,0.10000000,0
1505654915,21648287,0.06875057,0.20201230,0
1505654913,21648283,0.06876000,0.10000000,0
1505654913,21648282,0.06876000,0.42530000,1
1505654762,21648210,0.06891180,0.70447682,0
1505654689,21648162,0.06891000,0.40993428,0
1505654689,21648158,0.06884499,0.15021800,0
1505654680,21648153,0.06881962,7.55400090,0
1505654669,21648148,0.06881995,2.42548000,0
1505654665,21648147,0.06882012,13.86659100,0
1505654664,21648145,0.06882009,1.52816000,0
1505654550,21648046,0.06871000,1.64419300,1
1505654534,21648032,0.06871000,0.31000000,1
1505654534,21648031,0.06871000,2.60303900,1
1505654529,21648013,0.06871000,0.30696100,1
1505654528,21648009,0.06871000,0.40993428,1
1505654502,21647965,0.06867531,0.24776558,1
1505654496,21647958,0.06884353,0.32801300,0
1505654432,21647855,0.06875000,1.57720000,1
1505654107,21647746,0.06889666,1.09986159,0
1505654094,21647740,0.06880000,1.94030500,0
1505654094,21647739,0.06880000,1.57720000,0
1505654092,21647738,0.06879632,0.87113788,0
1505654084,21647735,0.06879628,0.87118621,0
1505654049,21647721,0.06864003,0.19154200,1
1505654035,21647717,0.06879966,1.89667320,1
1505654035,21647716,0.06879000,0.09097680,0
1505654013,21647707,0.06869799,0.37841018,0
1505654013,21647706,0.06869799,2.16248391,0
1505654013,21647705,0.06869799,2.49658491,0
1505654013,21647704,0.06869799,0.42480000,0
1505653984,21647701,0.06859872,0.45375500,0
1505653983,21647698,0.06859800,1.02043792,1
1505653983,21647696,0.06869800,0.10000000,0
1505653980,21647689,0.06859872,0.10000000,0
1505653978,21647688,0.06859800,0.42480000,1
1505653976,21647687,0.06859872,0.10000000,0
1505653974,21647686,0.06859872,0.10000000,0
1505653972,21647684,0.06861000,0.42480000,1
1505653959,21647677,0.06872000,0.10002320,0
1505653959,21647676,0.06861011,0.03410100,0
1505653951,21647675,0.06861011,0.10000000,0
1505653948,21647674,0.06861011,0.10000000,0
1505653908,21647654,0.06870366,24.08635857,0
1505653815,21647588,0.06870681,0.22991300,0
1505653747,21647550,0.06870987,0.10000000,0
1505653745,21647549,0.06871000,0.10000000,0
1505653744,21647548,0.06871956,0.10000000,0
1505653340,21647345,0.06870400,0.09999993,0
1505653340,21647344,0.06865200,0.00000007,0
1505653339,21647343,0.06865200,3.06308300,0
1505653174,21647219,0.06865700,1.98765000,0
1505653172,21647214,0.06865697,0.42490000,1
1505653167,21647212,0.06865697,0.99965091,0
1505653146,21647205,0.06858600,0.15159017,0
1505653145,21647203,0.06858600,1.83605983,1
1505653054,21647126,0.06850400,1.46429593,1
1505653054,21647125,0.06851200,0.84148507,1
1505653054,21647124,0.06851200,2.02159800,1
1505653054,21647123,0.06851200,0.03832000,1
1505653054,21647122,0.06855000,0.25002100,1
1505653050,21647115,0.06855000,0.17487900,1
1505653013,21647070,0.06867222,0.10000000,0
1505653010,21647068,0.06867242,0.10000000,0
1505653008,21647065,0.06867254,0.10000000,0
1505653006,21647062,0.06867256,0.10000000,0
1505653004,21647061,0.06867270,0.10000000,0
1505653002,21647060,0.06867283,0.10000000,0
1505653000,21647058,0.06867297,0.10000000,0
1505652998,21647057,0.06867298,0.10000000,0
1505652996,21647056,0.06867309,0.10000000,0
1505652994,21647055,0.06867326,0.10000000,0
1505652992,21647054,0.06867339,0.10000000,0
1505652990,21647053,0.06867340,0.10000000,0
1505652988,21647052,0.06868500,0.10000000,0
1505652987,21647050,0.06867354,0.10000000,0
1505652985,21647049,0.06867368,0.10000000,0
1505652983,21647047,0.06867381,0.10000000,0
1505652981,21647045,0.06867395,0.10000000,0
1505652850,21646958,0.06861190,1.85862775,0
1505652832,21646948,0.06861199,0.15489493,0
1505652832,21646947,0.06854000,0.84148507,0
1505652815,21646931,0.06851200,0.06168000,1
1505652815,21646930,0.06851200,0.10000000,1
1505652766,21646901,0.06854000,2.02159800,0
1505652753,21646896,0.06854000,0.10000000,0
1505652751,21646894,0.06854000,0.10000000,0
1505652713,21646888,0.06849000,0.45815900,1
1505652712,21646887,0.06841003,0.09454800,0
1505652711,21646886,0.06841003,3.85701200,0
1505652706,21646884,0.06841002,0.09454800,0
1505652704,21646874,0.06853999,2.11254900,0
1505652704,21646873,0.06853999,2.81000000,0
1505652680,21646862,0.06853999,0.10000000,0
1505652677,21646861,0.06853996,0.20000000,0
1505652659,21646845,0.06857482,0.72731230,0
1505652647,21646843,0.06857485,0.20000000,0
1505652631,21646839,0.06857486,0.20000000,0
1505652575,21646833,0.06857533,0.20000000,0
1505652572,21646832,0.06857533,0.10000000,0
1505652561,21646830,0.06857540,0.10000000,0
1505652559,21646829,0.06857541,0.10000000,0
1505652448,21646809,0.06857658,0.09488500,0
1505652415,21646798,0.06857682,0.10000000,0
1505652413,21646797,0.06857682,0.10000000,0
1505652412,21646796,0.06857682,0.10000000,0
1505652411,21646795,0.06840015,0.11174504,1
1505652409,21646794,0.06857679,0.10000000,0
1505652361,21646787,0.06857711,0.10204900,0
1505652351,21646786,0.06857718,0.60094700,0
1505652302,21646779,0.06857742,0.10000000,0
1505652301,21646778,0.06857742,0.10000000,0
1505652295,21646776,0.06857597,0.10000000,0
1505652293,21646774,0.06857600,0.10000000,0
1505652291,21646771,0.06857600,0.10000000,0
1505652289,21646769,0.06857600,0.10000000,0
1505652288,21646768,0.06857600,0.10000000,0
1505652286,21646767,0.06857600,0.10000000,0
1505652284,21646765,0.06857600,0.10000000,0
1505652283,21646764,0.06856688,0.10000000,0
1505652281,21646761,0.06856685,0.10000000,0
1505652279,21646759,0.06856688,0.10000000,0
1505652277,21646758,0.06856688,0.10000000,0
1505652275,21646757,0.06856688,0.10000000,0
1505652273,21646755,0.06856688,0.10000000,0
1505652271,21646754,0.06856688,0.10000000,0
1505652269,21646738,0.06856688,0.10000000,0
1505652267,21646737,0.06856688,0.10000000,0
1505652265,21646736,0.06856688,0.10000000,0
1505652263,21646735,0.06856688,0.10000000,0
1505652261,21646734,0.06856688,0.10000000,0
1505652259,21646731,0.06856688,0.10000000,0
1505652258,21646730,0.06856688,0.10000000,0
1505652256,21646729,0.06856685,0.10000000,0
1505652225,21646654,0.06856696,0.10000000,0
1505652223,21646651,0.06856696,0.10000000,0
1505652221,21646650,0.06856696,0.10000000,0
1505652220,21646646,0.06856694,0.10000000,0
1505652218,21646645,0.06856700,0.10000000,0
1505652192,21646642,0.06854100,0.20000000,0
1505652146,21646630,0.06844341,0.27499500,1
1505652079,21646615,0.06844069,0.31627100,1
1505652078,21646612,0.06844069,1.05626600,1
1505652057,21646601,0.06846105,5.42951580,1
1505652057,21646600,0.06846108,2.01768575,1
1505652057,21646599,0.06852400,0.06770596,1
1505651966,21646570,0.06852400,1.00896037,1
1505651961,21646563,0.06852400,0.26215567,1
1505651961,21646562,0.06852400,0.33776553,1
1505651944,21646544,0.06852401,1.60903000,1
1505651934,21646530,0.06852414,2.91000000,1
1505651929,21646527,0.06852413,4.58658753,1
1505651925,21646519,0.06858900,1.33882200,0
1505651898,21646501,0.06858900,0.33776553,0
1505651893,21646498,0.06858893,0.33768575,0
1505651724,21646463,0.06860064,1.68000000,0
1505651600,21646442,0.06856500,0.50412900,0
1505651567,21646438,0.06842702,2.64386211,1
1505651567,21646437,0.06849017,0.00012863,1
1505651476,21646400,0.06849410,1.13527700,1
1505651472,21646397,0.06849410,0.49805600,1
1505651366,21646367,0.06849409,0.43884000,1
1505651347,21646360,0.06849394,0.43884000,1
1505651328,21646352,0.06849339,0.39552000,1
1505651316,21646346,0.06849297,8.49016928,1
1505651128,21646266,0.06849017,0.68540522,1
1505651116,21646257,0.06847500,1.98749547,1
1505651116,21646256,0.06852000,0.00007664,1
1505651111,21646245,0.06852000,0.15300643,1
1505651108,21646235,0.06852000,0.28641693,1
1505651108,21646234,0.06852000,0.64871107,1
1505651108,21646233,0.06852000,1.00000000,1
1505651108,21646232,0.06852000,0.97487200,1
1505651060,21646211,0.06864303,0.40690000,0
1505651038,21646203,0.06865965,1.00000000,0
1505650989,21646178,0.06855981,1.00000000,1
1505650953,21646162,0.06854317,1.00000000,0
1505650951,21646161,0.06854317,0.25496200,0
1505650945,21646153,0.06855000,0.29100000,1
1505650943,21646148,0.06858866,1.00000000,1
1505650942,21646145,0.06863082,0.28520000,1
1505650938,21646137,0.06863082,0.42380000,1
1505650934,21646123,0.06863082,0.29100000,1
1505650918,21646120,0.06860197,1.00000000,1
1505650893,21646110,0.06852042,21.66699500,1
1505650888,21646097,0.06852042,1.61805023,1
1505650861,21646081,0.06868600,0.47676600,0
1505650801,21646048,0.06855287,0.77766000,1
1505650801,21646047,0.06856000,0.42380000,1
1505650800,21646046,0.06858700,1.98765000,1
1505650792,21646043,0.06860000,1.00000000,1
1505650792,21646042,0.06861700,1.98765000,1
1505650786,21646039,0.06864515,6.00000000,1
1505650778,21646037,0.06865060,14.00658302,1
1505650647,21645991,0.06870084,1.00000000,1
1505650573,21645960,0.06870085,2.04430000,0
1505650382,21645865,0.06873069,1.00000000,1
1505650381,21645863,0.06875556,1.00000000,1
1505650343,21645843,0.06875183,1.00000000,1
1505650321,21645832,0.06884591,0.57413700,0
1505650163,21645762,0.06876000,0.17632326,0
1505650075,21645706,0.06880000,0.24647674,0
1505649854,21645651,0.06871593,0.22300000,1
1505649852,21645650,0.06871606,0.35000000,1
1505649849,21645649,0.06871606,0.10700000,1
1505649782,21645634,0.06871593,0.30618800,1
1505649696,21645616,0.06871593,1.30300000,1
1505649571,21645571,0.06871311,3.12357977,1
1505649514,21645554,0.06871000,1.57720000,1
1505649514,21645553,0.06872000,0.42280000,1
1505649466,21645545,0.06874003,0.16620100,1
1505649466,21645544,0.06888857,0.10766904,0
1505649464,21645543,0.06888857,0.10766904,0
1505649462,21645542,0.06888858,0.21533809,0
1505649424,21645512,0.06888883,6.20870000,1
1505649422,21645511,0.06873003,0.29130000,0
1505649419,21645510,0.06872401,0.42300000,1
1505649412,21645507,0.06872400,0.21715300,1
1505649406,21645497,0.06873006,0.29120200,1
