date,tid,price,amount,type
1505692860,21687800,218.50,0.07336583,0
1505692838,21687771,218.50,0.07336583,0
1505692778,21687721,218.51,0.42057014,0
1505692778,21687720,218.01,0.36630000,0
1505692778,21687719,217.83,0.30594000,0
1505692778,21687718,217.79,0.08274000,0
1505692552,21687594,217.51,0.87235283,1
1505692552,21687593,217.52,0.30594000,1
1505692535,21687578,217.96,0.30531000,0
1505692535,21687577,217.94,0.08274000,0
1505692535,21687576,217.93,0.12195000,0
1505692531,21687571,217.93,0.24505000,0
1505692526,21687568,217.51,0.50845900,1
1505692525,21687564,217.51,0.50845900,1
1505692458,21687502,217.52,0.36700000,0
1505692457,21687501,217.52,3.16479463,0
1505692457,21687498,217.52,0.36630000,1
1505692391,21687454,217.50,3.35000000,1
1505692390,21687453,217.52,1.21000000,1
1505692390,21687452,217.50,1.48851737,1
1505692390,21687451,217.51,1.86148263,1
1505692389,21687450,217.51,0.53851737,0
1505692389,21687449,217.50,0.67000000,1
1505692388,21687448,217.51,1.80148263,0
1505692388,21687447,217.51,1.54944376,0
1505692388,21687445,217.50,0.67000000,1
1505692386,21687444,217.50,0.67000000,1
1505692385,21687443,217.50,0.67000000,1
1505692384,21687442,217.50,0.67000000,1
1505692379,21687436,217.51,2.34055624,1
1505692377,21687435,217.51,0.30944376,1
1505692371,21687433,217.51,0.67000000,1
1505692370,21687430,217.51,0.67000000,1
1505692370,21687429,217.52,0.67000000,1
1505692369,21687428,217.51,0.67000000,1
1505692368,21687427,217.51,0.67000000,1
1505692368,21687426,217.53,0.05655624,0
1505692368,21687425,217.53,0.54623000,0
1505692366,21687424,217.53,0.12377000,0
1505692363,21687422,217.54,0.59000000,0
1505692358,21687416,217.54,0.07369148,0
1505692356,21687407,217.54,1.20956404,0
1505692355,21687403,217.54,4.36662594,0
1505692354,21687402,217.72,0.19337406,1
1505692333,21687383,218.13,0.05000112,0
1505692296,21687361,218.29,1.01270000,0
1505692296,21687360,218.28,0.36530000,0
1505692207,21687283,217.83,3.20270992,1
1505692207,21687282,217.83,0.36530000,1
1505692206,21687281,217.85,1.91400000,1
1505692195,21687269,217.81,0.06756261,1
1505692195,21687268,217.83,0.67000000,1
1505692195,21687267,218.08,0.04786739,1
1505692188,21687260,218.08,0.07936600,1
1505692188,21687259,218.09,0.08274000,1
1505692188,21687258,218.15,0.07200000,1
1505692160,21687233,218.43,0.53726435,1
1505692149,21687230,218.18,0.37725221,1
1505692149,21687229,218.37,0.36600000,1
1505692149,21687228,218.40,0.08274000,1
1505692111,21687196,218.72,0.07183406,0
1505692110,21687195,218.74,0.00053905,0
1505692109,21687192,218.74,0.10727069,0
1505692075,21687145,218.16,0.10780974,1
1505692045,21687110,218.01,0.38071648,0
1505692045,21687109,217.98,0.00205013,0
1505692035,21687100,217.81,0.00236460,0
1505692035,21687099,217.77,0.00189820,0
1505692035,21687098,217.70,0.08274000,0
1505692035,21687097,217.70,0.35214946,0
1505691991,21687060,217.70,0.08232630,0
1505691911,21686982,217.50,4.32000000,1
1505691786,21686932,217.51,2.68769923,1
1505691704,21686891,217.51,0.38212423,1
1505691681,21686886,217.51,0.38207131,1
1505691653,21686874,217.58,1.31846500,1
1505691638,21686864,217.51,0.02159165,1
1505691638,21686863,217.51,0.36000000,1
1505691636,21686861,217.52,1.04113266,1
1505691633,21686859,217.59,0.00205747,0
1505691630,21686856,217.60,0.00413049,1
1505691630,21686854,217.76,0.37899543,1
1505691619,21686813,217.96,0.00104167,1
1505691618,21686811,217.96,0.20729276,1
1505691618,21686808,217.96,0.17035548,1
1505691618,21686807,217.96,0.00001155,1
1505691612,21686803,218.00,0.01362054,1
1505691611,21686798,218.01,0.00203230,0
1505691610,21686788,218.00,0.36560000,1
1505691606,21686770,218.07,0.01061173,0
1505691605,21686764,218.06,0.37852875,1
1505691604,21686760,218.07,0.37000000,0
1505691596,21686746,218.09,0.01497682,0
1505691595,21686745,218.08,0.37871874,1
1505691588,21686738,218.09,0.36560000,1
1505691586,21686737,218.25,0.37821827,1
1505691543,21686681,218.26,0.91000000,0
1505691541,21686677,218.26,1.42930450,1
1505691526,21686670,218.26,0.29199121,1
1505691498,21686640,218.32,0.09645943,1
1505691498,21686639,218.32,0.28371645,1
1505691496,21686637,218.50,0.02593512,0
1505691496,21686634,218.50,1.17446988,1
1505691495,21686631,218.50,1.25829900,1
1505691495,21686630,218.51,0.07559000,1
1505691491,21686618,218.51,2.43276888,1
1505691489,21686611,218.50,1.56723112,1
1505691478,21686598,218.54,0.75189931,1
1505691407,21686586,218.54,0.26868309,1
1505691407,21686584,218.58,0.08274000,1
1505690970,21686407,218.92,3.62715500,1
1505690964,21686403,218.89,0.36500000,1
1505690964,21686402,218.90,0.69556875,1
1505690958,21686399,218.75,2.14652000,0
1505690957,21686398,219.00,0.81000000,1
1505690956,21686397,219.00,1.10000000,1
1505690956,21686396,219.00,2.65675024,1
1505690956,21686394,219.00,0.34765433,1
1505690956,21686393,219.00,0.37899543,1
1505690955,21686391,219.00,0.08274000,1
1505690954,21686390,219.00,1.09386000,0
1505690866,21686344,218.82,0.40307700,1
1505690864,21686339,218.68,0.00077000,1
1505690864,21686338,218.81,1.09386000,1
1505690847,21686337,218.80,0.73533700,1
1505690839,21686336,218.80,0.36500000,1
1505690839,21686335,218.77,0.37033700,0
1505690837,21686334,218.76,4.56000000,1
1505690769,21686296,218.35,0.38012365,1
1505690750,21686289,219.24,0.42757900,1
1505690741,21686287,219.24,0.15377600,1
1505690741,21686285,219.33,0.08274000,1
1505690724,21686263,219.23,1.61641000,1
1505690724,21686262,219.26,0.08274000,1
1505690701,21686256,219.22,0.37870267,0
1505690532,21686108,218.97,0.72796000,1
1505690532,21686107,218.98,0.36500000,1
1505690528,21686106,218.97,0.08274000,0
1505690527,21686105,218.97,0.34765433,0
1505690527,21686104,218.96,0.03119439,0
1505690527,21686103,218.95,0.29741847,0
1505690386,21686038,218.33,0.29741847,1
1505690386,21686037,219.11,0.08274000,1
1505690252,21685978,219.45,0.38012365,1
1505690251,21685975,219.45,0.37974000,0
1505690242,21685953,219.19,0.03119439,1
1505690242,21685952,219.46,0.34765433,1
1505690239,21685949,219.46,0.37821827,0
1505690237,21685946,219.45,0.37699305,1
1505690235,21685944,219.45,0.03750783,1
1505690235,21685942,219.45,0.28000000,1
1505690235,21685941,219.45,1.39000000,1
1505690235,21685940,219.45,0.28000000,1
1505690235,21685939,219.45,0.00013717,1
1505690231,21685932,219.45,2.60724539,1
1505690230,21685928,219.45,0.08274000,1
1505690229,21685927,219.45,0.19987744,1
1505690229,21685926,219.45,1.38904943,1
1505690228,21685922,219.45,0.20000000,1
1505690228,21685920,219.45,0.08274000,1
1505690227,21685919,219.44,2.88821057,0
1505690220,21685900,218.92,0.27000000,1
1505690209,21685880,218.89,0.36380000,0
1505690203,21685876,218.80,0.50000000,0
1505690203,21685875,218.40,0.36022614,0
1505690203,21685874,218.39,0.36500000,0
1505690200,21685873,218.40,0.20811400,0
1505690199,21685872,218.78,0.43092900,1
1505689804,21685720,218.51,3.07311131,1
1505689804,21685718,218.52,1.85015469,1
1505689803,21685716,218.52,0.37984531,1
1505689797,21685708,218.92,0.43099500,0
1505689796,21685705,218.92,0.56827414,1
1505689795,21685702,218.92,0.43099500,1
1505689776,21685653,218.88,0.28847872,0
1505689703,21685570,218.77,0.50000000,0
1505689703,21685569,218.76,0.50000000,0
1505689693,21685565,218.76,0.50000000,1
1505689685,21685559,218.78,0.36500000,1
1505689685,21685557,218.78,0.36380000,1
1505689679,21685542,218.77,0.29665388,1
1505689678,21685539,218.78,0.08274000,1
1505689677,21685530,218.77,0.37939388,1
1505689675,21685528,219.80,0.54038019,1
1505689569,21685445,219.80,0.51976540,1
1505689569,21685443,219.87,0.28118969,1
1505689569,21685442,219.87,0.00730960,1
1505689569,21685441,219.96,0.92962357,1
1505689569,21685440,219.97,0.44910900,1
1505689491,21685393,220.09,0.32036000,0
1505689434,21685371,219.97,0.64385100,1
1505689434,21685370,219.98,0.08274000,1
1505689265,21685346,220.31,0.90994508,0
1505689238,21685345,220.30,0.02723559,0
1505689031,21685311,220.78,11.99243590,1
1505689030,21685310,220.36,0.37639566,0
1505689030,21685309,220.34,1.69000000,0
1505689030,21685308,219.79,0.27873694,0
1505689029,21685307,219.77,0.10142227,0
1505689029,21685306,219.77,0.68008725,0
1505689029,21685305,219.32,7.76800000,0
1505689029,21685304,219.26,0.37871874,0
1505689027,21685303,219.00,0.51498837,0
1505688912,21685280,219.16,0.02884000,0
1505688911,21685278,219.16,0.38957300,0
1505688893,21685272,219.19,0.33000000,0
1505688888,21685271,219.19,0.51494138,0
1505688854,21685267,219.19,8.63479173,0
1505688854,21685266,219.17,0.37922054,0
1505688852,21685265,219.14,0.08780446,0
1505688637,21685208,218.64,0.64131000,0
1505688637,21685206,218.33,0.38015847,1
1505688635,21685205,219.16,0.36941579,1
1505688633,21685203,218.68,0.00207140,0
1505688633,21685202,218.67,0.00079679,0
1505688633,21685201,218.65,0.17897602,0
1505688632,21685200,218.64,0.36600000,0
1505688632,21685199,218.63,0.08274000,0
1505688629,21685196,218.31,0.03674419,0
1505688628,21685195,218.32,0.04599581,1
1505688628,21685194,218.65,0.20083453,0
1505688628,21685193,218.33,0.01415847,0
1505688627,21685188,218.32,0.52547568,0
1505688626,21685187,218.32,0.04602000,0
1505688623,21685184,218.33,0.36600000,1
1505688614,21685173,218.33,2.41690631,0
1505688614,21685172,218.41,4.84627650,1
1505688614,21685171,218.41,2.36000000,0
1505688613,21685169,218.54,1.49524552,0
1505688613,21685167,218.54,12.84257407,0
1505688606,21685166,218.52,0.00204004,0
1505688590,21685165,218.70,0.00378128,0
1505688576,21685162,218.92,0.00011947,1
1505688536,21685149,218.92,0.35241184,1
1505688484,21685143,218.92,0.02457000,1
1505688456,21685131,219.02,0.37639566,1
1505688420,21685125,219.12,0.32435000,0
1505688357,21685071,219.32,0.89572314,1
1505688286,21685028,219.17,0.10846738,0
1505688286,21685027,219.17,0.08581610,1
1505688286,21685026,219.17,0.18441798,1
1505688274,21685025,219.46,0.08274237,1
1505688222,21685015,219.54,0.00418605,0
1505688221,21685009,219.56,12.02000000,1
1505688219,21685007,219.54,0.32581395,0
1505688181,21684954,219.57,0.04777609,1
1505688181,21684952,219.59,0.20670971,1
1505688179,21684947,219.57,0.07632675,1
1505688174,21684942,219.51,0.38096000,1
1505687933,21684755,219.47,0.66951021,1
1505687933,21684754,219.53,0.08274000,1
1505687837,21684665,219.96,0.51080372,0
1505687836,21684664,219.95,0.09735000,0
1505687836,21684663,219.95,0.08274000,0
1505687727,21684598,219.75,0.17787052,1
1505687727,21684595,219.79,0.08274000,1
1505687725,21684586,219.75,0.57593100,1
1505687725,21684584,219.78,0.08274000,1
1505687687,21684521,220.00,0.12223484,0
1505687687,21684520,219.83,0.08274000,0
1505687687,21684519,219.82,0.16934504,0
1505687575,21684472,219.99,0.20587381,0
1505687575,21684471,219.60,1.00014691,0
1505687575,21684470,219.59,3.25000000,0
1505687571,21684469,219.60,1.00000000,0
1505687408,21684395,219.65,1.00000000,0
1505687387,21684391,219.69,0.06026014,0
1505687351,21684376,219.87,0.00010553,0
1505687350,21684375,219.87,0.37537565,0
1505687349,21684374,219.17,0.08574333,0
1505687347,21684368,219.17,0.37848808,0
1505687345,21684367,219.17,0.03576859,1
1505687344,21684366,219.18,0.00158287,0
1505687338,21684363,219.17,0.17017321,1
1505687336,21684361,219.17,0.00104167,0
1505687335,21684358,219.17,0.20729276,0
1505687333,21684356,219.17,0.17035548,1
1505687333,21684355,219.17,0.00001155,1
1505687331,21684351,219.17,0.17017321,0
1505687327,21684347,219.62,0.37539957,1
1505687327,21684346,219.65,0.37536543,1
1505687032,21684212,219.66,1.72201739,1
1505687002,21684197,220.06,0.68008725,1
1505687002,21684196,220.07,0.10142227,1
1505686991,21684169,220.10,0.27873694,1
1505686990,21684168,220.11,0.08274000,0
1505686989,21684165,220.11,1.09735000,1
1505686988,21684164,220.19,0.08274000,1
1505686983,21684154,220.48,3.31172896,0
1505686962,21684134,220.55,0.17016550,0
1505686939,21684074,220.52,0.53636000,1
1505686929,21684023,220.50,0.53669277,1
1505686913,21683940,220.56,1.91226902,0
1505686913,21683939,220.55,0.90000000,0
1505686912,21683934,220.48,1.45360161,1
1505686912,21683932,220.48,0.05954112,0
1505686861,21683700,220.48,0.31756019,0
1505686844,21683638,220.47,0.37444234,0
1505686842,21683627,220.32,0.27848259,0
1505686838,21683609,220.31,0.31790123,0
1505686831,21683576,220.32,0.31461458,0
1505686831,21683573,220.32,0.31779448,0
1505686830,21683567,220.32,0.04687350,0
1505686794,21683414,220.32,0.10129891,0
1505686794,21683412,220.28,0.50000000,1
1505686792,21683407,220.26,0.39996109,0
1505686755,21683287,220.26,0.05000614,0
1505686751,21683276,220.27,0.05003277,1
1505686750,21683270,220.27,1.01996723,0
1505686750,21683269,220.27,0.05003277,0
1505686747,21683256,220.26,0.24461999,0
1505686741,21683237,220.26,0.24461999,0
1505686741,21683236,220.26,2.01175722,0
1505686740,21683231,220.26,8.15259239,1
1505686739,21683227,219.92,1.45360161,0
1505686736,21683214,219.92,0.26841578,0
1505686720,21683146,219.92,0.26845000,0
1505686712,21683121,219.92,0.26831641,0
1505686710,21683115,219.92,0.26154974,0
1505686703,21683081,219.92,0.08275737,0
1505686701,21683065,219.92,0.90755729,0
1505686701,21683062,219.92,0.36963994,0
1505686700,21683058,219.92,0.68561947,0
1505686698,21683052,220.09,0.37502833,1
1505686698,21683051,220.10,1.05906406,1
1505686636,21682902,220.26,0.37455734,0
1505686615,21682863,220.29,0.24458668,1
1505686582,21682825,220.30,0.24002541,0
1505686550,21682777,220.32,6.58124545,0
1505686533,21682745,220.34,0.37436766,0
1505686523,21682729,220.36,0.26789630,0
1505686507,21682689,220.10,0.37710131,1
1505686503,21682672,220.48,0.37442536,0
1505686494,21682651,220.09,0.37678245,0
1505686494,21682649,220.08,0.37622236,0
1505686494,21682647,220.03,0.37661258,0
1505686494,21682645,220.00,0.07693122,0
1505686491,21682634,219.92,0.02719332,0
1505686488,21682623,219.92,0.03323925,0
1505686472,21682593,219.89,0.37747862,0
1505686465,21682575,219.90,2.73439027,0
1505686465,21682573,219.87,0.50000000,0
1505686462,21682568,219.90,0.21932696,0
1505686462,21682565,219.89,0.50000000,0
1505686441,21682513,219.44,1.87980000,1
1505686411,21682481,219.27,0.37852875,1
1505686409,21682478,219.90,0.99045020,0
1505686409,21682477,219.90,2.40934702,0
1505686409,21682473,219.89,0.37746145,1
1505686407,21682469,219.89,0.99049153,0
1505686401,21682457,219.16,0.37871874,1
1505686392,21682443,219.90,0.50000000,0
1505686389,21682431,219.70,0.37778789,1
1505686386,21682420,219.90,0.99045020,0
1505686380,21682402,219.90,1.70886766,0
1505686379,21682400,219.89,0.00332356,0
1505686378,21682397,219.88,0.37778789,0
1505686350,21682326,219.90,1.90050022,0
1505686350,21682324,219.88,1.01000000,0
1505686345,21682300,219.47,0.23092099,0
1505686345,21682298,219.37,0.83154193,0
1505686326,21682217,218.95,0.00009463,0
1505686314,21682186,218.94,0.00003786,0
1505686304,21682163,218.94,0.37920000,0
1505686237,21681900,218.95,1.80080000,0
1505686169,21681744,218.95,2.22023722,0
1505686115,21681667,218.95,0.85866815,0
1505686115,21681665,218.87,3.10309550,0
1505686115,21681664,218.55,0.00002485,0
1505686113,21681662,218.54,0.50000000,0
1505686088,21681639,218.55,1.02040000,0
1505686088,21681638,218.54,0.50000000,0
1505686080,21681629,218.55,0.99867307,0
1505686057,21681613,218.54,0.38014106,0
1505686016,21681583,218.55,6.00000000,0
1505685838,21681231,218.55,3.96790208,0
1505685838,21681230,218.55,0.50000000,1
1505685838,21681229,218.54,1.62000000,0
1505685838,21681228,218.50,11.13010000,0
1505685837,21681227,218.02,0.38103107,0
1505685837,21681225,217.98,5.49496925,0
1505685837,21681224,217.97,0.50000000,0
1505685835,21681222,217.96,0.36700000,0
1505685761,21681071,217.51,1.07430441,1
1505685761,21681070,217.62,0.36700000,1
1505685761,21681069,217.68,0.54000000,1
1505685759,21681066,217.81,0.50000000,1
1505685759,21681065,217.81,3.00898101,1
1505685721,21680991,217.98,0.20189925,0
1505685720,21680990,217.98,0.99981650,0
1505685720,21680989,217.97,4.56000000,1
1505685719,21680987,217.97,4.56000000,1
1505685719,21680986,217.97,4.56000000,0
1505685704,21680971,217.98,0.55000000,0
1505685682,21680949,217.98,0.56000000,0
1505685673,21680927,217.98,0.52000000,0
1505685668,21680913,217.98,1.14481300,0
1505685668,21680912,217.97,0.30000000,0
1505685640,21680836,217.97,0.10000000,0
1505685640,21680835,217.97,0.10000000,0
1505685626,21680797,217.98,0.40740200,0
1505685626,21680796,217.91,0.50000000,0
1505685617,21680773,217.97,1.15019452,1
1505685616,21680772,217.97,1.93000000,0
1505685616,21680770,217.93,0.38097861,0
1505685616,21680769,217.86,0.38097861,0
1505685614,21680763,217.84,9.87014714,0
1505685613,21680759,217.84,0.04582821,0
1505685611,21680752,217.84,1.12573448,0
1505685611,21680751,217.83,0.38103107,1
1505685609,21680743,217.82,0.33045800,0
1505685609,21680741,217.82,0.29668714,0
1505685608,21680739,217.81,0.33045800,0
1505685607,21680734,217.81,0.16954200,0
1505685599,21680711,217.82,1.20762400,0
1505685598,21680708,217.82,1.84423086,0
1505685598,21680707,217.81,0.62587814,0
1505685557,21680629,217.25,0.13734622,1
1505685557,21680628,217.81,0.24470211,1
1505685556,21680625,217.81,0.38111856,0
1505685533,21680577,217.82,0.10000000,0
1505685533,21680575,217.82,0.10000000,0
1505685491,21680501,217.83,0.10000000,0
1505685490,21680499,217.83,0.10000000,0
1505685354,21680238,217.83,3.32900000,0
1505685266,21680112,217.83,0.55000000,0
1505685210,21679996,217.83,2.80333771,0
1505685210,21679995,217.81,0.08274000,1
1505685209,21679992,217.81,0.36620000,1
1505685208,21679989,217.81,0.08274000,1
1505685208,21679988,217.81,1.10890694,0
1505685173,21679941,217.11,0.10000000,0
1505685173,21679940,217.11,0.01726000,0
1505685171,21679937,217.35,0.08274000,1
1505685137,21679841,217.28,0.18925563,0
1505685133,21679824,217.27,0.56648761,0
1505685128,21679803,217.28,0.19273995,1
1505685128,21679802,217.28,3.54392073,1
1505685127,21679797,217.28,3.54889274,1
1505685127,21679796,217.29,0.36620000,1
1505685127,21679795,217.86,0.51907919,1
1505685126,21679789,217.86,0.08274000,1
1505685125,21679786,217.86,0.38199558,1
1505685124,21679782,217.71,2.18620523,0
1505685123,21679777,217.08,0.01564488,1
1505685123,21679775,217.08,7.27000000,0
1505685123,21679773,217.28,4.71537859,0
1505685122,21679771,217.42,0.37970629,1
1505685122,21679769,217.50,0.28994000,1
1505685122,21679766,217.55,0.29674061,1
1505685122,21679765,217.55,0.08274000,1
1505685121,21679763,217.67,0.37918589,1
1505685121,21679762,217.68,0.28706297,1
1505685121,21679761,217.68,0.09246970,1
1505685120,21679757,217.69,0.08274000,0
1505685119,21679752,217.69,0.03849000,1
1505685087,21679665,217.97,0.36616507,0
1505685086,21679662,217.95,0.08274000,0
1505685019,21679525,217.83,0.57904100,1
1505685002,21679483,217.72,0.00333188,1
1505685002,21679482,217.72,0.34621240,1
1505685002,21679481,217.72,0.02960696,1
1505685002,21679480,217.73,0.09266451,1
1505685002,21679479,217.73,0.28652138,1
1505685002,21679477,217.75,0.01553393,1
1505685001,21679475,217.75,0.36360000,1
1505685001,21679474,217.80,5.00000000,1
1505685001,21679473,217.81,0.56648761,1
1505685000,21679471,217.81,0.43475200,1
1505685000,21679469,217.82,0.18317000,1
1505684978,21679433,218.20,0.18285976,0
1505684953,21679382,218.19,0.36500000,0
1505684949,21679374,218.21,0.61639884,1
1505684949,21679372,218.21,0.50000000,0
1505684851,21679309,217.95,0.10000000,0
1505684850,21679308,217.95,0.20000000,0
1505684850,21679307,217.95,0.20000000,0
1505684849,21679306,217.81,0.10000000,1
1505684849,21679305,217.81,0.10000000,1
1505684821,21679300,217.81,0.10000000,1
1505684812,21679299,217.81,0.10000000,1
1505684785,21679293,217.81,0.43995626,0
1505684784,21679292,217.81,4.56000000,1
1505684749,21679265,217.82,0.38104857,0
1505684743,21679260,217.94,0.38085623,1
1505684742,21679259,218.43,10.50204991,0
1505684741,21679258,218.49,0.37794271,1
1505684741,21679257,218.51,0.37882245,1
1505684741,21679256,218.72,0.07648493,1
1505684736,21679237,218.72,0.00069982,1
1505684736,21679236,218.73,1.00192018,1
1505684714,21679230,218.80,0.00004374,1
1505684687,21679210,218.80,0.37678245,1
1505684647,21679169,218.81,0.37661258,1
1505684647,21679168,218.82,0.37622236,1
1505684646,21679167,218.84,0.36500000,1
1505684646,21679165,218.91,0.08274000,1
1505684418,21678938,219.82,0.37537328,0
1505684412,21678933,219.85,1.68641451,1
1505684412,21678932,219.85,1.97396549,1
1505684411,21678931,219.85,0.36400000,0
1505684224,21678841,219.92,0.48495553,0
1505684224,21678840,219.91,0.08274000,0
1505684222,21678834,219.91,0.37536405,0
1505684194,21678824,219.05,0.31974435,0
1505684121,21678812,219.17,0.34885000,0
1505684121,21678811,219.16,0.36360000,0
1505684117,21678810,219.17,0.36400000,1
1505684117,21678809,219.18,0.08274000,1
1505684117,21678808,219.19,0.08274000,1
1505684055,21678768,218.92,0.01553393,1
1505684055,21678767,218.93,0.36360000,1
1505684053,21678764,219.96,0.06226096,1
1505684052,21678761,219.96,0.23030405,0
1505684052,21678759,219.95,0.08274000,0
1505684044,21678742,219.06,1.88016929,0
1505684043,21678740,219.05,1.27156987,0
1505683958,21678641,218.91,0.23000000,1
1505683858,21678553,218.73,0.08274000,1
1505683857,21678550,218.72,0.29674061,0
1505683854,21678547,220.01,0.08274000,1
1505683853,21678536,220.00,8.42054100,1
1505683852,21678534,220.00,2.00000000,0
1505683852,21678533,219.82,0.55000000,0
1505683852,21678532,219.00,3.00000000,0
1505683852,21678531,218.99,0.93070800,0
1505683852,21678530,218.99,0.09875100,0
1505683818,21678514,218.99,0.40124900,0
1505683818,21678513,218.95,0.08274000,0
1505683676,21678446,219.30,0.10000000,0
1505683676,21678445,219.30,0.07664200,0
1505683676,21678444,219.30,0.02335800,0
1505683675,21678442,219.30,0.47664200,0
1505683563,21678324,219.53,0.00030405,1
1505683562,21678323,219.71,0.35196395,1
1505683562,21678322,219.72,0.08274000,1
1505683533,21678312,219.68,0.00019500,1
1505683533,21678311,219.69,0.27800500,1
1505683531,21678309,219.69,0.35606500,1
1505683509,21678303,219.68,0.26838000,1
1505683495,21678294,219.92,1.93606230,1
1505683494,21678293,219.89,0.08274000,1
1505683494,21678291,219.89,0.10220158,0
1505683443,21678277,219.59,0.37905600,1
1505683362,21678239,219.52,0.28373900,0
1505683362,21678238,219.52,0.21607600,0
1505683355,21678236,219.89,0.00035000,1
1505683353,21678235,219.54,0.50000000,0
1505683342,21678234,219.47,0.38452000,1
1505683342,21678233,219.55,0.08274000,1
1505683340,21678232,219.56,0.08274000,1
1505683322,21678231,219.47,0.08876000,1
1505683294,21678226,219.54,0.10220158,0
1505683294,21678225,219.79,0.08127500,1
1505683294,21678224,219.80,0.13370342,1
1505683273,21678213,219.81,0.10000000,0
1505683225,21678198,219.80,1.10606000,1
1505683220,21678194,219.81,0.94203941,0
1505683220,21678192,219.80,0.16402059,0
1505683213,21678183,219.81,0.81569000,1
1505683213,21678182,219.85,2.37105373,1
1505683213,21678181,219.81,0.65000000,0
1505683212,21678180,219.81,1.19000000,0
1505683212,21678179,219.81,2.78894627,0
1505683211,21678177,219.81,0.65200233,0
1505683211,21678176,219.80,0.16402059,0
1505683209,21678169,219.81,1.18905140,0
1505683209,21678168,219.81,0.16402560,0
1505683209,21678166,219.79,0.08274000,1
1505683208,21678164,219.81,0.94229041,0
1505683208,21678161,219.79,0.16402059,0
1505683198,21678141,219.48,3.25702239,1
1505683197,21678138,219.49,4.65523761,0
1505683196,21678137,219.49,0.08274000,1
1505683168,21678105,219.86,0.74751000,1
1505683164,21678100,219.87,0.91144767,1
1505683103,21678086,220.40,0.03000000,0
1505683088,21678076,219.77,0.74368173,0
1505683054,21678040,220.54,3.69794761,1
1505683054,21678039,220.50,0.54654723,0
1505683054,21678038,219.82,0.37882245,0
1505683052,21678037,219.80,0.37794271,0
1505682974,21677982,219.59,0.20000000,1
1505682850,21677874,220.00,1.65079580,1
1505682850,21677873,219.99,0.01218757,0
1505682850,21677871,219.85,0.54000000,0
1505682850,21677870,219.81,2.79701663,0
1505682837,21677833,219.86,4.62999500,0
1505682837,21677831,219.86,0.64000000,0
1505682809,21677801,219.97,0.40723735,0
1505682809,21677800,219.37,9.79934419,0
1505682809,21677799,219.11,0.42257257,0
1505682808,21677798,219.00,2.62123853,0
1505682808,21677797,219.00,0.37970629,1
1505682808,21677796,218.60,0.30000000,0
1505682744,21677746,218.70,0.22130772,0
1505682734,21677736,218.70,0.21513488,0
1505682707,21677718,218.70,0.21504343,0
1505682704,21677714,218.70,0.05000439,0
1505682700,21677701,218.70,0.05000357,0
1505682644,21677669,218.88,0.89196990,1
1505682618,21677651,218.05,0.08274000,0
1505682592,21677622,218.00,0.55659625,0
1505682587,21677617,218.00,6.43420937,0
1505682580,21677604,218.00,2.62123853,0
1505682576,21677600,218.00,1.32335208,0
1505682565,21677581,218.00,1.30961600,0
1505682548,21677556,218.00,2.92521520,0
1505682547,21677555,218.00,2.03137875,0
1505682547,21677554,218.00,2.32197248,0
1505682542,21677549,218.00,0.89198370,0
1505682536,21677539,218.00,0.56594162,0
1505682530,21677531,218.00,2.81462569,0
1505682530,21677530,218.00,2.81651468,0
1505682526,21677524,218.00,1.13706472,0
1505682525,21677515,218.00,0.16326133,0
1505682512,21677480,218.00,0.48916480,0
1505682484,21677447,218.00,0.30102000,0
1505682470,21677424,217.99,0.05017593,1
1505682408,21677372,218.00,6.93811343,0
1505682408,21677370,217.99,2.54000000,0
1505682408,21677369,217.98,0.24029757,0
1505682402,21677367,217.98,0.04165600,0
1505682372,21677338,218.05,0.19921606,0
1505682371,21677337,218.00,0.08274000,0
1505682371,21677336,218.00,1.00000000,0
1505682371,21677335,218.00,0.38073394,0
1505682356,21677305,217.80,0.57844761,0
1505682355,21677304,217.80,6.60940500,0
1505682355,21677303,217.92,2.00000000,1
1505682355,21677302,217.93,0.37880516,1
1505682353,21677300,218.00,0.26137623,1
1505682353,21677299,218.00,4.22226944,1
1505682348,21677295,218.05,0.07701767,0
1505682347,21677288,218.05,0.64511114,0
1505682334,21677286,218.06,0.08274000,1
1505682334,21677285,218.06,0.65183000,1
1505682289,21677248,218.50,2.20658843,0
1505682267,21677232,218.01,7.00000000,1
1505682265,21677229,219.11,0.81367777,0
1505682265,21677228,219.11,0.37717194,0
1505682263,21677223,218.00,0.38073394,1
1505682262,21677222,219.11,0.07881901,0
1505682262,21677221,219.11,1.17647059,0
1505682261,21677220,219.10,0.64871401,0
1505682261,21677219,218.91,0.00333188,0
1505682261,21677218,218.90,0.09266451,0
1505682260,21677217,218.01,2.28605913,1
1505682260,21677216,218.01,1.00408238,1
1505682260,21677215,218.09,0.45847000,1
1505682260,21677214,218.10,6.78940625,1
1505682260,21677213,218.89,0.20031000,1
1505682259,21677212,218.90,0.28652138,0
1505682257,21677206,218.00,5.18219707,0
1505682256,21677201,218.00,2.55609000,0
1505682255,21677194,218.00,0.35059900,0
1505682254,21677192,218.00,1.69632000,0
1505682254,21677189,218.00,1.69308745,0
1505682253,21677187,218.00,0.10442248,0
1505682253,21677186,218.00,0.26803199,0
1505682252,21677184,218.00,0.05010359,0
1505682252,21677182,218.00,0.30000000,1
1505682252,21677181,218.08,0.38068000,1
1505682252,21677180,218.08,4.63000000,1
1505682251,21677178,218.09,0.08274000,1
1505682251,21677175,218.89,0.45680873,0
1505682251,21677173,218.09,0.09065144,0
1505682250,21677167,218.09,0.28992538,1
1505682249,21677166,218.91,0.34621240,0
1505682249,21677164,218.91,0.02960696,0
1505682249,21677162,218.90,0.03264141,0
1505682249,21677161,218.89,0.37918589,0
1505682248,21677154,218.90,0.05010359,0
1505682246,21677145,218.89,0.33509200,0
1505682243,21677144,218.90,0.41725500,0
1505682243,21677143,218.88,0.08274000,0
1505682240,21677135,218.07,0.38062918,1
1505682238,21677132,218.80,0.02406427,1
1505682238,21677129,218.89,0.37927726,1
1505682237,21677121,218.80,0.31098440,1
1505682235,21677114,218.45,0.08274000,1
1505682234,21677107,218.89,0.00932356,1
1505682234,21677106,218.89,0.08274000,0
1505682234,21677105,218.89,0.28706297,0
1505682232,21677102,218.89,0.09246970,0
1505682230,21677092,218.45,0.13805633,1
1505682230,21677091,218.69,0.05715919,1
1505682230,21677089,218.90,0.18551842,1
1505682229,21677088,218.90,0.08274000,1
1505682229,21677086,218.90,0.10284529,0
1505682227,21677083,218.02,0.20362181,0
1505682227,21677080,218.80,0.17707720,1
1505682226,21677079,218.90,0.26732500,0
1505682226,21677078,218.90,0.12982971,0
1505682226,21677076,218.51,1.00086948,0
1505682226,21677075,218.45,0.37788964,0
1505682225,21677073,218.34,0.37798842,0
1505682225,21677070,218.03,1.45494275,0
1505682225,21677067,218.02,2.35158161,1
1505682224,21677064,218.34,0.00161126,1
1505682224,21677063,218.34,0.37638309,1
1505682224,21677062,218.45,0.37790830,1
1505682224,21677061,218.51,1.00087739,1
1505682224,21677060,218.65,0.00165955,1
1505682224,21677059,218.65,0.37599082,1
1505682223,21677058,218.80,0.43200000,1
1505682223,21677057,218.90,0.30079639,1
1505682223,21677056,218.90,0.07645918,1
1505682222,21677054,218.91,0.19716448,1
1505682222,21677053,218.91,0.15836899,1
1505682222,21677048,219.00,0.23414100,0
1505682220,21677040,218.91,0.02203101,1
1505682220,21677038,218.92,0.00099497,1
1505682220,21677036,218.92,0.19799944,1
1505682220,21677035,218.92,0.17855289,1
1505682220,21677034,218.93,0.37754730,1
1505682220,21677033,218.96,1.01415225,1
1505682219,21677030,218.96,0.31598583,1
1505682219,21677029,219.00,0.72488910,1
1505682219,21677025,219.00,1.27525781,1
1505682219,21677024,219.00,1.00000000,1
1505682218,21677023,219.08,0.37728987,1
1505682218,21677021,219.09,0.34758927,1
1505682218,21677018,219.09,0.02922100,1
1505682218,21677014,219.11,1.30093059,1
1505682217,21677003,219.14,0.53367300,0
1505682217,21677000,219.11,0.39215686,1
1505682216,21676996,219.15,0.91416838,0
1505682214,21676988,219.15,0.08274000,1
1505682214,21676986,219.15,0.04307404,1
1505682214,21676982,219.15,1.06104596,1
1505682191,21676964,219.37,0.07441153,0
1505682189,21676958,219.37,0.07441157,0
1505682183,21676948,219.37,0.22049505,0
1505682183,21676947,219.37,0.09080973,0
1505682176,21676940,219.58,0.15214294,0
1505682175,21676935,219.89,1.21851233,0
1505682146,21676889,219.58,0.08274000,1
1505682145,21676888,219.99,0.27766750,0
1505682145,21676886,219.98,0.29001314,0
1505682145,21676884,219.97,0.91078236,0
1505682142,21676876,219.12,0.37880516,1
1505682142,21676873,219.10,1.13181000,0
1505682141,21676872,219.11,0.08274000,1
1505682140,21676871,219.11,0.23366103,1
1505682139,21676870,219.11,0.65164216,1
1505682138,21676868,219.11,0.88930728,1
1505682138,21676865,219.11,2.69729314,1
1505682137,21676863,219.96,0.52800509,1
1505682137,21676862,219.58,0.08274000,1
1505682137,21676860,219.58,0.00161126,0
1505682136,21676857,219.11,0.39175742,1
1505682134,21676853,219.10,0.66565692,1
1505682134,21676851,219.12,0.37722128,1
1505682130,21676829,219.74,0.37790830,1
1505682130,21676827,219.58,2.71708688,0
1505682129,21676826,219.63,0.06596666,1
1505682129,21676825,219.63,0.12694646,1
1505682129,21676824,219.63,0.18323117,1
1505682129,21676820,219.64,0.00154758,1
1505682129,21676819,219.64,0.37455964,1
1505682129,21676818,219.64,0.00000298,1
1505682128,21676814,219.70,3.51614342,1
1505682128,21676811,219.74,0.37614429,1
1505682128,21676809,219.77,0.00002854,1
1505682128,21676807,219.78,0.09000000,0
1505682127,21676804,219.77,0.19897849,1
1505682127,21676803,219.77,0.17687645,1
1505682125,21676791,219.77,0.00012449,1
1505682125,21676789,219.80,0.37599093,1
1505682125,21676782,219.98,3.50704851,1
1505682124,21676779,219.98,0.37597812,1
1505682124,21676774,219.98,0.17058140,1
1505682122,21676764,219.99,0.00145000,1
1505682121,21676761,219.99,0.28855000,1
1505682115,21676746,220.22,1.65628112,1
1505682114,21676745,220.25,1.15590195,1
1505682084,21676729,220.38,0.08274000,1
1505682084,21676728,220.39,0.91065838,1
1505682075,21676719,220.81,0.08274000,0
1505682073,21676717,220.81,0.10209387,1
1505682073,21676716,220.81,0.91884474,1
1505682072,21676714,220.81,0.08274000,0
1505682072,21676713,220.81,1.09579000,0
1505682014,21676694,221.04,0.20124474,0
1505682014,21676693,221.04,0.30001526,1
1505682012,21676691,220.29,0.50000000,0
1505682009,21676689,220.30,0.41102500,0
1505681972,21676671,220.25,4.44354561,1
1505681972,21676670,220.33,1.20192439,1
1505681971,21676669,220.36,0.08274000,0
1505681971,21676668,220.36,1.09579000,1
1505681971,21676667,220.36,4.63000000,1
1505681854,21676615,221.05,0.30860871,0
1505681854,21676614,221.00,0.41696829,0
1505681854,21676613,220.97,0.08274000,0
1505681850,21676611,220.98,0.43859053,1
1505681848,21676609,220.29,0.10000000,0
1505681846,21676607,220.99,3.63853000,0
1505681846,21676606,220.99,0.08274000,0
1505681841,21676605,220.99,0.80323600,0
1505681836,21676602,221.02,2.44211137,0
1505681836,21676601,220.75,1.01111863,0
1505681836,21676600,220.75,0.08274000,0
1505681833,21676598,220.74,0.77920000,0
1505681832,21676595,220.74,3.68909631,1
1505681831,21676594,220.74,0.08274000,1
1505681831,21676593,220.73,0.59977750,0
1505681826,21676592,220.76,0.24495400,0
1505681818,21676583,220.77,1.38430000,0
1505681815,21676580,220.27,0.22338673,0
1505681815,21676579,220.27,0.37681027,0
1505681812,21676577,220.25,5.40055244,1
1505681812,21676576,220.26,0.42000000,1
1505681812,21676575,220.26,4.21358756,1
1505681810,21676573,220.26,0.41641244,1
1505681810,21676572,220.50,0.08274000,1
1505681809,21676571,220.50,0.07421768,1
1505681808,21676569,221.05,0.30842250,0
1505681808,21676568,221.05,1.69260000,0
1505681808,21676567,220.81,0.08274000,0
1505681807,21676565,220.81,0.59977750,0
1505681800,21676549,220.84,0.61695155,1
1505681798,21676547,220.88,3.20999013,1
1505681798,21676546,220.88,0.30000987,1
1505681797,21676544,221.00,0.31695260,1
1505681797,21676542,221.05,0.49000000,0
1505681796,21676538,221.00,0.10000000,1
1505681796,21676537,221.05,0.08274000,1
1505681796,21676536,221.05,2.11325031,1
1505681796,21676534,221.05,1.27661917,1
1505681795,21676532,221.06,2.18257483,0
1505681794,21676527,221.05,0.91457440,1
1505681794,21676523,221.05,0.22475250,1
1505681792,21676520,221.05,1.10932253,1
1505681791,21676511,221.05,1.14462109,1
1505681789,21676497,221.05,3.11686000,1
1505681781,21676484,221.05,0.10000000,1
1505681760,21676431,221.10,0.10000000,1
1505681734,21676421,221.53,0.10000000,0
1505681725,21676405,221.59,0.59975631,1
1505681725,21676403,221.59,1.81565053,0
1505681716,21676397,221.57,0.23792616,1
1505681716,21676396,221.58,0.08274000,1
1505681673,21676320,222.02,2.81701495,0
1505681660,21676287,221.53,0.22208000,1
1505681660,21676286,221.82,0.77792000,1
1505681649,21676277,221.81,0.00000022,1
1505681649,21676275,221.81,0.36510978,0
1505681646,21676267,221.81,0.13489022,0
1505681615,21676249,221.84,0.33675400,0
1505681614,21676248,221.85,0.75321163,0
1505681614,21676247,221.85,0.02462952,0
1505681612,21676246,221.84,0.07537048,0
1505681566,21676230,221.92,0.22462952,0
1505681555,21676227,221.48,0.00267250,1
1505681555,21676226,221.57,1.09378000,1
1505681483,21676206,221.98,0.14690512,1
1505681469,21676189,222.08,0.25271444,0
1505681452,21676174,222.08,0.10000000,0
1505681452,21676173,222.08,0.10000000,0
1505681419,21676145,222.10,0.49141496,0
1505681417,21676144,221.80,0.38531103,0
1505681388,21676131,221.80,4.92366997,0
1505681385,21676126,221.80,0.68518200,0
1505681385,21676125,221.75,0.45163000,0
1505681353,21676116,221.75,0.64126000,0
1505681352,21676115,221.74,0.36000000,0
1505681299,21676102,221.14,1.98434573,0
1505681298,21676101,221.54,0.51000000,1
1505681164,21676075,221.25,10.00000000,1
1505681113,21676062,221.13,8.02974452,1
1505681113,21676061,221.46,0.08274000,1
1505681113,21676060,221.52,0.10000000,1
1505681093,21676051,221.46,2.06093200,0
1505681093,21676050,221.48,0.97906800,1
1505681092,21676049,221.52,0.36000000,1
1505681090,21676047,221.79,0.22992137,1
1505681088,21676046,221.79,0.70045800,0
1505681017,21676025,221.64,8.90711000,0
1505681017,21676024,221.64,1.09289000,1
1505680870,21675931,221.80,5.91142300,0
1505680870,21675930,221.79,0.08274000,0
1505680866,21675928,221.80,0.08857700,0
1505680844,21675908,221.61,0.36100000,0
1505680843,21675905,221.49,0.61808323,0
1505680840,21675901,221.49,0.36099500,0
1505680840,21675899,221.48,0.11460700,0
1505680840,21675898,221.48,0.97907300,0
1505680838,21675891,221.30,0.00008983,0
1505680838,21675889,221.30,0.99991017,0
1505680791,21675881,221.21,0.80000000,1
1505680754,21675875,221.58,0.08274000,0
1505680739,21675856,221.10,0.72797591,0
1505680738,21675853,221.10,10.54450474,0
1505680738,21675851,221.10,8.33645400,0
1505680736,21675848,221.10,7.32761000,0
1505680736,21675847,221.10,3.94487100,0
1505680735,21675839,221.10,14.65347435,0
1505680733,21675837,221.24,3.46511000,1
1505680703,21675821,221.40,0.32216500,0
1505680700,21675816,221.42,0.36100000,1
1505680700,21675815,221.47,1.09368000,1
1505680699,21675814,221.47,0.08274000,1
1505680659,21675798,221.98,3.46511000,0
1505680658,21675797,221.98,1.09115000,0
1505680658,21675796,221.94,0.08274000,0
1505680658,21675795,221.94,0.36100000,0
1505680650,21675776,221.00,4.59271052,0
1505680650,21675774,221.00,4.30318100,0
1505680650,21675773,221.00,14.64019698,0
1505680648,21675772,221.00,0.08274000,0
1505680647,21675771,221.20,4.84628150,1
1505680647,21675770,221.26,1.09115000,1
1505680647,21675769,221.29,0.36100000,1
1505680647,21675768,221.37,0.08274000,1
1505680639,21675763,221.99,0.23504942,0
1505680639,21675761,221.80,0.05494558,0
1505680626,21675754,221.80,0.30684800,0
1505680618,21675750,221.80,0.38232642,0
1505680594,21675733,221.10,0.85574000,1
1505680593,21675732,221.81,0.14426000,1
1505680593,21675730,221.81,0.36000000,0
1505680560,21675713,220.84,0.38304845,1
1505680559,21675712,221.11,0.53000000,1
1505680559,21675710,221.11,1.51059000,0
1505680559,21675707,221.31,2.32277400,1
1505680559,21675706,221.31,0.97907300,0
1505680559,21675704,221.37,2.00000000,1
1505680558,21675702,221.43,1.22897024,1
1505680558,21675701,221.43,0.12000000,0
1505680556,21675700,221.55,0.36000000,1
1505680537,21675685,221.83,0.04853019,0
1505680525,21675681,221.83,0.65748600,0
1505680494,21675669,221.83,0.22338700,0
1505680445,21675640,221.82,0.04502439,1
1505680441,21675638,221.83,0.22481179,0
1505680436,21675637,221.83,0.03190000,0
1505680429,21675635,221.83,0.09068679,0
1505680428,21675634,221.83,0.74412000,1
1505680349,21675620,222.05,0.81618102,0
1505680347,21675618,222.06,0.01000000,1
1505680335,21675615,222.10,0.37163125,0
1505680335,21675613,222.10,3.60000000,0
1505680330,21675610,222.10,3.25604657,0
1505680330,21675609,222.08,0.34395343,0
1505680327,21675608,222.10,0.77629900,0
1505680327,21675607,222.09,0.09000000,0
1505680327,21675606,222.09,0.34000000,0
1505680323,21675603,222.09,0.79200000,0
1505680318,21675602,222.06,0.28000000,1
1505680316,21675600,222.09,0.14281634,0
1505680304,21675590,222.07,8.72249700,0
1505680301,21675589,222.08,0.02904000,0
1505680301,21675584,222.07,0.25000000,0
1505680280,21675572,222.10,0.15212000,0
1505680279,21675571,222.26,0.37135602,0
1505680279,21675570,222.26,0.37133055,0
1505680258,21675559,222.29,0.14269406,0
1505680256,21675556,221.81,10.00000000,1
1505680256,21675555,222.29,0.20398155,0
1505680256,21675554,222.00,0.00000001,0
1505680256,21675553,221.99,0.08274000,0
1505680256,21675552,221.96,0.08274000,0
1505680216,21675511,221.75,10.00000000,1
1505680205,21675507,221.64,5.05746000,1
1505680205,21675506,221.64,0.35980000,1
1505680205,21675505,221.74,0.50000000,1
1505680204,21675504,221.78,0.08274000,1
1505680183,21675499,221.77,3.61731126,1
1505680183,21675498,221.81,0.37192340,1
1505680183,21675497,221.84,0.01076534,1
1505680182,21675496,222.00,2.58251900,0
1505680030,21675477,222.00,6.00000000,0
1505680012,21675469,222.00,0.52000000,0
1505680010,21675468,222.00,0.51000000,0
1505680003,21675460,222.00,2.99386300,0
1505679981,21675454,222.00,3.42717500,0
1505679979,21675453,222.00,2.88370299,1
1505679979,21675452,222.10,1.00000000,1
1505679978,21675451,222.11,0.08274000,1
1505679972,21675448,222.30,4.20471204,0
1505679971,21675445,222.23,0.08274000,1
1505679970,21675444,222.23,0.08274000,0
1505679969,21675443,222.00,0.17726000,1
1505679968,21675442,222.01,0.08274000,1
1505679955,21675439,222.00,0.00000003,0
1505679955,21675438,222.00,3.40107000,0
1505679933,21675430,222.00,1.83698600,0
1505679932,21675429,222.00,0.31853000,0
1505679888,21675415,221.84,0.10000000,1
1505679826,21675400,222.00,0.80161900,0
1505679819,21675396,222.00,8.38904414,0
1505679792,21675382,222.00,2.59882883,0
1505679782,21675374,222.00,2.65392200,0
1505679774,21675371,221.84,0.00007796,0
1505679773,21675367,221.84,4.83054204,0
1505679772,21675366,221.93,1.08664000,1
1505679772,21675365,221.95,0.08274000,1
1505679719,21675352,222.30,1.00000000,0
1505679719,21675350,222.29,1.08461000,0
1505679697,21675339,222.00,1.26763333,0
1505679690,21675335,222.00,0.15110000,0
1505679662,21675314,222.00,0.13779000,0
1505679662,21675313,221.99,0.08274000,0
1505679653,21675309,222.00,0.30175622,0
1505679653,21675308,221.98,0.08274000,0
1505679649,21675307,222.00,0.14283674,0
1505679646,21675304,222.00,0.03543200,0
1505679641,21675301,222.00,1.28553063,0
1505679633,21675297,222.00,0.41096643,0
1505679604,21675287,222.00,0.10149000,0
1505679602,21675285,222.00,6.39211948,0
1505679600,21675281,222.00,0.37053416,0
1505679597,21675276,222.00,0.25914281,0
1505679597,21675273,222.00,0.25899989,0
1505679594,21675266,222.00,0.10143693,0
1505679593,21675264,222.00,1.22433668,0
1505679593,21675263,222.00,6.39151903,0
1505679592,21675262,222.00,1.08461000,0
1505679591,21675261,222.03,0.08276567,1
1505679573,21675255,222.03,0.08276567,0
1505679573,21675254,222.00,14.98823850,0
1505679572,21675249,222.00,0.08274000,0
1505679571,21675247,222.00,4.84628150,0
1505679571,21675246,222.12,0.08274000,1
1505679551,21675243,222.43,0.43524600,0
1505679548,21675240,222.44,0.41000000,0
1505679544,21675237,222.44,0.01945497,0
1505679544,21675236,222.27,0.36000000,0
1505679544,21675235,222.26,0.49866929,0
1505679544,21675234,222.25,0.75003000,0
1505679544,21675233,222.00,0.00000574,0
1505679524,21675197,222.00,0.34999426,0
1505679523,21675195,222.00,1.56849374,0
1505679516,21675188,222.00,0.16319000,0
1505679515,21675187,222.00,0.16266371,0
1505679496,21675166,222.00,6.29324900,0
1505679496,21675165,222.00,4.27513548,0
1505679496,21675163,221.99,0.08274000,0
1505679495,21675160,222.00,6.28571429,0
1505679494,21675159,222.00,0.05878378,1
1505679494,21675158,222.08,0.36000000,1
1505679494,21675157,222.24,0.75003000,1
1505679494,21675156,222.27,0.08274000,1
1505679480,21675147,222.44,0.10000000,0
1505679455,21675110,222.44,0.49000000,0
1505679397,21675081,222.68,0.29449928,0
1505679397,21675080,222.68,0.74856700,0
1505679327,21675051,222.68,0.33296300,0
1505679327,21675050,222.51,0.08274000,0
1505679283,21675018,222.35,0.98866742,0
1505679283,21675017,222.35,1.99332576,0
1505679278,21675012,222.35,1.08153000,1
1505679278,21675010,222.36,0.15240424,1
1505679278,21675009,222.37,0.08274000,1
1505679277,21675008,222.63,3.31432965,0
1505679277,21675007,222.63,0.28567035,0
1505679275,21675004,222.63,0.55688444,0
1505679275,21675002,222.62,0.06836822,0
1505679216,21674969,222.62,0.26247818,0
1505679216,21674968,222.50,0.05864864,0
1505679216,21674967,222.49,0.02358511,0
1505679170,21674912,222.45,0.17401116,0
1505679169,21674909,222.45,0.15241000,0
1505679160,21674901,222.45,0.02238705,0
1505679131,21674845,222.45,0.06845179,0
1505679131,21674843,222.40,0.00474821,0
1505679131,21674842,222.35,0.08274000,0
1505679115,21674800,222.40,0.53525179,1
1505679080,21674755,222.31,0.41726000,1
1505679078,21674753,222.32,0.08274000,1
1505678950,21674689,222.62,0.33084640,1
1505678950,21674688,222.62,1.08533364,0
1505678927,21674664,222.59,8.33924400,1
1505678920,21674661,222.59,9.99501000,1
1505678906,21674644,222.71,1.23608265,0
1505678905,21674643,222.70,4.63000000,0
1505678905,21674642,222.60,0.13391735,0
1505678876,21674619,222.59,0.33541489,0
1505678824,21674567,221.79,2.32141629,1
1505678824,21674564,222.27,0.35900000,1
1505678824,21674562,222.48,0.05000448,1
1505678805,21674553,222.60,1.86608265,0
1505678778,21674545,222.58,0.93802125,0
1505678777,21674543,222.58,0.14211875,0
1505678753,21674535,222.49,0.83827988,0
1505678753,21674533,222.48,6.24664389,0
1505678752,21674531,222.48,0.83827988,0
1505678718,21674523,222.48,0.05000641,0
1505678617,21674460,222.59,0.36000000,0
1505678617,21674457,222.59,0.35900000,0
1505678614,21674454,222.60,0.35498039,0
1505678550,21674411,222.79,0.28623854,0
1505678550,21674410,221.94,0.08274000,0
1505678490,21674387,221.80,0.00330000,1
1505678489,21674386,221.81,4.63000000,1
1505678489,21674385,221.81,0.08274000,1
1505678450,21674366,221.66,2.68359521,1
1505678450,21674365,221.66,0.84255479,1
1505678450,21674364,221.67,0.35900000,1
1505678450,21674363,221.82,0.36000000,1
1505678449,21674362,221.83,1.08014000,1
1505678446,21674359,222.24,0.20138600,0
1505678446,21674357,222.19,0.08274000,0
1505678435,21674351,222.23,0.00137186,1
1505678435,21674350,222.23,1.96765814,1
1505678433,21674346,222.23,0.00234186,1
1505678433,21674345,222.23,2.65861814,1
1505678425,21674336,222.23,0.00138186,1
1505678425,21674335,222.23,1.96813814,1
1505678424,21674334,222.23,0.00186186,1
1505678424,21674333,222.23,2.65819814,1
1505678419,21674326,222.23,1.07816177,1
1505678416,21674314,222.23,0.36000000,0
1505678416,21674313,222.20,0.53364009,0
1505678415,21674310,222.23,0.00015703,1
1505678415,21674309,222.23,4.62984297,1
1505678413,21674301,222.23,0.23000000,1
1505678413,21674298,222.23,4.31726000,1
1505678412,21674292,222.20,0.08274000,0
1505678411,21674289,222.00,0.22999980,1
1505678411,21674288,222.00,4.39931512,1
1505678411,21674287,222.01,0.37115408,1
1505678347,21674218,222.00,0.23068488,1
1505678347,21674217,222.00,0.42522712,1
1505678347,21674216,222.02,0.08274000,1
1505678332,21674211,222.00,0.10857000,1
1505678332,21674210,222.03,0.08274000,1
1505678315,21674207,222.63,0.21804347,0
1505678273,21674193,221.83,0.36000000,1
1505678271,21674190,222.69,0.37009858,0
1505678257,21674160,222.72,0.37008746,0
1505678167,21674057,222.98,0.35149240,0
1505678160,21674047,222.98,1.48342712,0
1505678160,21674046,222.97,0.62000000,0
1505678160,21674045,222.95,0.35900000,0
1505678157,21674043,222.96,0.37027369,0
1505678155,21674038,220.50,13.60190590,0
1505678155,21674033,220.53,1.22000000,1
1505678154,21674032,221.31,0.54000000,1
1505678154,21674030,221.33,1.65628112,1
1505678154,21674029,221.60,1.12219475,1
1505678154,21674028,221.60,0.37174278,0
1505678153,21674027,221.61,6.07000000,1
1505678153,21674026,222.00,0.05864864,1
1505678153,21674025,222.00,0.02979020,1
1505678153,21674024,222.01,8.73849731,1
1505678153,21674023,222.23,3.60000000,1
1505678152,21674022,222.45,0.10565341,1
1505678152,21674021,222.46,0.35900000,1
1505678152,21674020,222.50,7.63897231,1
1505678150,21674018,222.51,0.44828000,1
1505678137,21674014,222.51,0.04000000,1
1505678125,21674010,222.98,0.37024788,0
1505678124,21674008,222.50,0.57351221,0
1505678113,21674000,222.50,3.10336519,0
1505678113,21673999,222.49,0.83936128,0
1505678112,21673998,222.48,0.42000000,0
1505678053,21673888,222.49,0.48835823,0
1505678052,21673886,222.48,0.36000000,0
1505678029,21673873,222.01,0.65620536,1
1505678029,21673872,222.08,0.15000000,1
1505678028,21673871,222.09,0.36000000,1
1505678028,21673870,222.09,4.00126000,0
1505678028,21673869,222.09,0.37142309,0
1505678028,21673868,222.22,3.38287155,1
1505678026,21673867,222.23,1.07824000,1
1505678004,21673858,222.22,6.61712845,1
1505678004,21673857,222.27,0.37063500,1
1505678003,21673856,222.31,0.19520066,1
1505677970,21673833,222.31,0.17651223,1
1505677892,21673781,222.49,0.50042699,0
1505677884,21673776,222.68,0.75035925,0
1505677884,21673775,222.67,0.50000000,0
1505677884,21673774,222.66,1.07616000,0
1505677882,21673773,222.64,1.48145589,0
1505677866,21673764,222.68,1.89983031,0
1505677866,21673763,222.67,0.41683994,0
1505677843,21673749,222.90,0.36988663,0
1505677812,21673720,222.81,3.69053200,0
1505677812,21673719,222.76,0.08274000,0
1505677792,21673709,222.36,0.00162715,1
1505677792,21673708,222.54,1.07616000,1
1505677792,21673707,222.58,0.08274000,1
1505677594,21673585,222.98,0.07902053,0
1505677593,21673584,222.79,0.10000000,0
1505677546,21673555,222.99,6.83856000,0
1505677546,21673554,222.98,1.78000000,0
1505677546,21673553,222.94,0.10000000,0
1505677540,21673543,222.50,0.07824101,1
1505677540,21673542,222.66,0.89849995,1
1505677540,21673541,222.70,0.10000000,1
1505677525,21673514,222.96,0.97413000,0
1505677525,21673513,222.94,0.10000000,0
1505677513,21673498,222.99,0.36987700,0
1505677513,21673496,222.98,1.67000000,1
1505677511,21673493,222.99,8.19336385,0
1505677510,21673492,222.98,1.67000000,0
1505677510,21673490,222.69,2.18753528,0
1505677509,21673487,222.69,1.07413000,1
1505677452,21673472,222.99,1.29381356,0
1505677452,21673471,222.98,1.99000000,0
1505677451,21673470,222.97,1.07279000,0
1505677379,21673417,222.68,0.10000000,1
1505677361,21673404,222.68,6.00000000,1
1505677357,21673403,222.68,2.00000000,1
1505677356,21673402,222.68,1.08034481,1
1505677356,21673401,222.88,0.91965519,1
1505677318,21673390,222.88,0.08034481,1
1505677318,21673389,222.89,0.92000000,1
1505677296,21673379,222.97,0.39336545,0
1505677296,21673378,222.97,0.40000000,0
1505677296,21673377,222.90,0.50000000,0
1505677296,21673376,222.90,0.21288255,0
1505677290,21673372,222.90,0.83028263,0
1505677279,21673363,222.90,1.30751500,0
1505677274,21673358,222.90,0.33530731,0
1505677270,21673354,222.89,4.04376800,0
1505677261,21673336,222.90,0.70210856,0
1505677257,21673331,222.90,1.52122027,0
1505677253,21673329,222.88,1.56624300,0
1505677224,21673315,222.90,0.79068368,0
1505677224,21673314,222.89,0.17742832,0
1505677211,21673308,222.85,0.99950643,0
1505677176,21673298,222.88,0.19017496,0
1505677174,21673295,222.89,0.32257168,1
1505677169,21673288,222.89,0.19031832,1
1505677151,21673272,222.91,1.62764800,0
1505676963,21673194,222.88,0.65280886,1
1505676946,21673176,223.09,0.14278000,0
1505676843,21673052,223.09,0.36964000,0
1505676833,21673023,223.17,0.37006554,0
1505676832,21673014,222.30,4.67483944,1
1505676831,21673013,222.31,1.48246533,0
1505676830,21673010,222.31,1.07232000,1
1505676830,21673009,222.31,4.67037523,1
1505676829,21673007,223.17,21.29784469,0
1505676829,21673006,223.16,0.06215231,0
1505676827,21673005,223.10,1.00000000,0
1505676807,21672988,223.17,3.67687740,0
1505676795,21672977,223.16,1.82655000,0
1505676794,21672975,223.17,2.18126000,0
1505676793,21672972,223.17,4.29369516,0
1505676792,21672971,223.16,1.82000000,0
1505676791,21672967,223.16,1.82838000,0
1505676770,21672948,223.00,4.04000000,1
1505676760,21672931,223.00,1.40000000,1
1505676751,21672930,223.00,4.56000000,1
1505676746,21672929,223.16,0.34562100,0
1505676742,21672924,223.01,4.92000000,1
1505676712,21672888,223.17,25.35900882,0
1505676710,21672887,223.16,2.16000000,0
1505676694,21672875,222.88,0.34354532,0
1505676693,21672874,222.88,0.20147272,0
1505676693,21672873,222.88,1.22249698,0
1505676693,21672871,222.88,0.20147272,0
1505676687,21672867,223.17,8.44186046,0
1505676687,21672866,223.16,1.06821823,1
1505676687,21672865,223.16,2.57000000,0
1505676687,21672864,223.00,5.00000000,0
1505676685,21672862,222.99,5.44000000,0
1505676638,21672818,222.92,1.92460755,0
1505676637,21672817,222.97,0.15732610,1
1505676637,21672816,223.00,3.04000000,1
1505676637,21672815,223.02,0.87806635,1
1505676625,21672811,223.00,0.04000000,1
1505676616,21672809,223.00,1.76000000,1
1505676607,21672808,223.01,2.76000000,1
1505676586,21672802,223.00,0.16000000,1
1505676578,21672800,223.01,0.19031832,1
1505676578,21672799,223.02,0.04968168,1
1505676576,21672797,223.02,0.18123931,1
1505676564,21672786,223.12,0.00000004,1
1505676563,21672784,223.12,0.81270165,1
1505676554,21672778,223.17,0.80000000,1
1505676553,21672777,223.16,2.14672064,0
1505676533,21672769,223.16,1.11744936,0
1505676508,21672758,223.15,0.17521271,1
1505676498,21672754,223.16,0.73583000,1
1505676471,21672742,223.15,2.00000000,1
1505676446,21672732,223.40,0.18258729,0
1505676441,21672721,223.11,0.33238823,1
1505676363,21672695,223.50,0.36946000,0
1505676328,21672644,223.50,0.09021863,0
1505676327,21672643,223.49,0.12000000,0
1505676327,21672642,223.48,0.69141425,0
1505676321,21672638,222.60,0.02115976,1
1505676320,21672637,222.64,0.01884024,1
1505676318,21672636,223.12,1.04000000,0
1505676318,21672635,223.11,0.20000000,0
1505676311,21672632,222.64,0.20000000,1
1505676303,21672625,223.48,0.03078575,0
1505676302,21672622,222.65,1.04000000,1
1505676293,21672621,222.64,0.72220000,1
1505676293,21672620,222.65,0.35780000,1
1505676286,21672619,222.64,0.12000000,1
1505676281,21672617,223.50,0.36980035,0
1505676277,21672614,223.50,0.36982255,0
1505676275,21672613,223.50,7.07114093,0
1505676275,21672612,223.49,2.33711238,0
1505676275,21672611,223.48,0.11141280,0
1505676275,21672610,223.48,0.25998828,0
1505676274,21672609,223.47,0.06500000,0
1505676274,21672608,223.30,0.76596953,0
1505676274,21672607,223.30,0.13606636,0
1505676274,21672606,223.30,0.13613000,0
1505676274,21672605,223.25,0.37175944,0
1505676273,21672604,223.20,0.05835579,0
1505676273,21672603,223.14,1.05864128,0
1505676273,21672602,223.01,0.37134351,0
1505676272,21672601,223.00,1.15659737,1
1505676271,21672600,223.00,0.12000000,0
1505676257,21672594,222.63,0.04000000,1
1505676256,21672593,222.95,0.04000000,0
1505676248,21672589,222.63,0.04000000,1
1505676240,21672587,222.63,0.04000000,1
1505676129,21672562,222.52,0.10000000,1
1505676110,21672527,222.81,0.82961430,1
1505676094,21672507,222.98,4.76895600,0
1505676093,21672506,222.96,1.00000000,0
1505676076,21672487,222.80,0.04000000,1
1505676039,21672439,222.52,1.00000000,1
1505676030,21672433,222.51,0.04000000,1
1505676025,21672427,222.50,0.71504585,0
1505676022,21672426,222.49,0.10000000,1
1505675996,21672407,222.98,0.37051810,0
1505675993,21672381,222.98,0.86052560,0
1505675993,21672380,222.89,0.37179661,0
1505675992,21672377,222.88,0.07659444,0
1505675992,21672376,222.88,0.03332129,0
1505675974,21672369,222.88,0.32567871,0
1505675974,21672368,222.87,0.04500500,0
1505675974,21672367,222.45,0.00000500,0
1505675963,21672356,222.28,0.10674078,1
1505675794,21672203,222.07,0.00202075,0
1505675753,21672184,222.07,0.20471022,0
1505675751,21672181,222.05,0.26693900,0
1505675727,21672166,222.05,0.58252100,0
1505675723,21672156,222.01,1.64700716,1
1505675708,21672149,222.00,0.02500000,1
1505675679,21672138,222.06,2.00000000,0
1505675674,21672132,222.08,0.04500000,1
1505675624,21672116,222.11,0.21960000,0
1505675603,21672101,222.10,0.35789500,0
1505675480,21672037,222.45,0.11093500,0
1505675444,21672028,221.80,0.10000000,1
1505675406,21671988,222.55,0.02472107,1
1505675367,21671965,222.52,0.02472107,1
1505675353,21671944,222.26,0.01094000,0
1505675352,21671943,222.37,1.06906000,1
1505675235,21671858,222.87,0.53000000,1
1505675145,21671797,222.07,0.53393209,1
1505675112,21671779,222.88,0.19151262,1
1505675111,21671778,222.88,0.35900000,0
1505675111,21671777,222.87,0.06824296,0
1505675101,21671774,221.50,0.71504585,1
1505675101,21671773,221.54,1.23000000,1
1505675101,21671772,221.60,4.79980384,1
1505675100,21671771,221.96,0.37179661,1
1505675100,21671767,221.97,6.13000000,1
1505675100,21671765,222.00,0.53393209,1
1505675098,21671764,222.01,0.37134351,1
1505675095,21671762,222.52,1.00000000,0
1505675065,21671760,223.18,0.37006749,0
1505675035,21671743,222.32,0.37175944,1
1505675035,21671741,222.34,0.35900000,1
1505675017,21671724,222.50,0.12592546,1
1505675015,21671718,222.50,1.02612322,1
1505675012,21671713,222.50,1.84795132,1
1505674989,21671693,223.19,0.37017689,0
1505674988,21671691,222.51,0.14845726,0
1505674964,21671678,222.51,0.11141280,0
1505674964,21671677,222.51,0.25998828,0
1505674964,21671674,222.50,1.18947821,1
1505674962,21671667,222.51,0.00185468,1
1505674962,21671665,222.51,0.36908100,1
1505674961,21671664,222.52,0.26433000,1
1505674956,21671660,223.29,0.26342704,0
1505674956,21671659,223.29,0.10672110,0
1505674952,21671655,222.50,1.37611017,1
1505674952,21671654,222.60,0.05835579,1
1505674951,21671651,222.70,0.76596953,1
1505674951,21671650,222.71,0.37111221,1
1505674947,21671643,223.30,0.00000443,1
1505674947,21671638,223.30,0.13613000,1
1505674946,21671637,223.30,0.23403047,0
1505674944,21671633,222.70,0.23403047,1
1505674944,21671631,222.71,0.35790000,1
1505674944,21671630,222.71,0.00537528,1
1505674941,21671629,222.71,1.04000000,1
1505674932,21671624,222.71,0.01326600,1
1505674932,21671623,222.73,0.10673400,1
1505674924,21671611,222.73,0.96060600,1
1505674918,21671603,223.72,0.50096695,0
1505674917,21671601,223.49,0.96047100,1
1505674916,21671600,223.49,2.89349820,0
1505674908,21671599,222.73,2.52970950,0
1505674879,21671593,222.47,2.03144340,1
1505674879,21671592,222.47,2.66450381,1
1505674874,21671586,223.25,0.36982800,0
1505674871,21671581,223.78,3.19014210,1
1505674871,21671580,223.73,0.07768663,0
1505674871,21671579,223.73,0.29331078,0
1505674871,21671578,223.73,3.81801572,0
1505674870,21671576,223.72,0.37042360,0
1505674870,21671575,223.72,0.06493000,1
1505674870,21671572,223.52,3.60000000,0
1505674870,21671569,223.51,1.04000000,0
1505674869,21671568,223.51,0.35900000,1
1505674869,21671565,223.50,0.08563411,0
1505674869,21671564,223.49,2.67592872,0
1505674869,21671563,223.49,8.42193716,1
1505674868,21671559,223.35,5.08424719,0
1505674868,21671557,223.24,0.52000000,0
1505674868,21671555,223.24,3.60000000,1
1505674868,21671554,223.24,1.06230000,1
1505674866,21671551,223.23,0.40412275,1
1505674866,21671550,223.23,1.05045092,0
1505674779,21671508,223.23,0.00573490,0
1505674779,21671507,222.88,0.02768355,0
1505674779,21671505,222.99,0.01231645,1
1505674766,21671495,222.99,0.35830000,0
1505674764,21671494,222.17,1.35270000,1
1505674764,21671493,222.31,0.35830000,1
1505674762,21671492,222.34,0.35900000,1
1505674743,21671473,222.30,0.11407722,1
1505674743,21671472,222.31,2.20898010,1
1505674743,21671471,223.04,0.35577564,1
1505674737,21671470,223.06,4.47637407,0
1505674734,21671468,222.15,0.64820436,0
1505674733,21671467,223.00,1.78457929,1
1505674732,21671465,223.01,1.05618582,1
1505674732,21671464,223.03,0.05832000,1
1505674721,21671462,223.35,2.49734478,0
1505674717,21671459,223.35,3.39368703,1
1505674716,21671453,223.34,1.07692309,1
1505674714,21671451,223.34,0.05824324,0
1505674705,21671445,223.06,0.05824324,1
1505674702,21671443,223.50,0.55771812,1
1505674702,21671442,223.46,1.79683853,0
1505674701,21671440,223.35,0.60996610,1
1505674701,21671438,223.35,0.37003390,1
1505674700,21671433,223.00,0.67379470,1
1505674700,21671432,223.05,0.33057237,1
1505674699,21671431,223.05,0.04000000,1
1505674695,21671423,223.46,2.67475163,0
1505674695,21671422,223.36,0.35850000,0
1505674694,21671420,223.06,0.37210902,0
1505674694,21671419,223.05,0.20000000,0
1505674693,21671417,223.00,3.60000000,1
1505674692,21671416,223.00,1.06236000,1
1505674692,21671415,223.00,0.37227850,1
1505674691,21671411,223.00,0.36100000,1
1505674691,21671410,223.00,0.49763023,1
1505674691,21671409,222.98,1.05624606,0
1505674691,21671407,222.97,0.31392152,0
1505674691,21671406,222.97,0.05812611,0
1505674691,21671405,222.95,1.00000000,0
1505674690,21671403,221.34,0.03360619,0
1505674690,21671401,221.31,0.61822788,1
1505674690,21671400,221.31,0.44187650,1
1505674690,21671399,221.33,0.37227850,1
1505674689,21671398,221.34,0.37662483,1
1505674689,21671396,221.34,0.59581234,1
1505674689,21671395,221.34,0.36100000,1
1505674688,21671391,222.79,0.07768663,1
1505674688,21671388,222.79,0.29331078,1
1505674682,21671375,221.32,0.03989283,1
1505674681,21671372,222.79,0.37090833,0
1505674680,21671367,221.31,0.04647766,1
1505674680,21671366,222.24,2.46605189,1
1505674680,21671365,222.24,0.31676668,1
1505674680,21671364,222.24,0.36000000,0
1505674679,21671363,221.31,0.29272663,1
1505674673,21671359,222.00,0.05824324,1
1505674673,21671357,222.00,1.01233600,1
1505674672,21671355,222.03,0.37305353,1
1505674672,21671352,222.04,0.37210902,0
1505674671,21671347,222.04,1.06236000,0
1505674670,21671344,222.04,1.05624606,0
1505674670,21671343,222.04,0.75124462,1
1505674669,21671341,222.04,1.38677339,1
1505674669,21671339,222.04,0.37223943,1
1505674668,21671337,222.04,1.08620464,1
1505674668,21671336,222.05,0.30030049,1
1505674667,21671333,222.05,0.05819951,1
1505674667,21671332,222.05,0.23533875,1
1505674666,21671331,222.05,0.12466125,1
1505674665,21671330,223.00,0.37065917,0
1505674664,21671329,222.04,0.61353792,1
1505674664,21671328,222.05,0.31392152,1
1505674664,21671327,222.05,0.05812611,1
1505674662,21671316,223.10,0.37048932,1
1505674661,21671313,223.11,0.14646640,1
1505674661,21671311,223.11,0.22346832,1
1505674659,21671304,223.46,3.06266494,1
1505674656,21671291,223.49,0.36976879,1
1505674656,21671288,223.71,10.50352313,1
1505674656,21671287,223.71,1.41702400,1
1505674656,21671286,223.71,1.68199600,1
1505674656,21671285,223.71,2.98875100,1
1505674656,21671283,223.71,4.12235300,1
1505674655,21671276,223.52,3.12448228,0
1505674655,21671275,223.50,0.36872942,0
1505674655,21671274,223.50,15.23254700,1
1505674655,21671273,223.50,1.01157417,1
1505674654,21671272,223.49,0.57000000,1
1505674654,21671270,223.48,0.21140669,0
1505674654,21671269,223.48,0.16000000,0
1505674653,21671267,223.48,1.85153000,1
1505674653,21671266,223.48,1.41240738,1
1505674653,21671264,223.48,1.34759262,1
1505674653,21671261,223.47,0.37142156,0
1505674652,21671259,223.46,1.04960150,0
1505674652,21671257,223.46,3.60000000,1
1505674652,21671253,223.45,0.36986444,0
1505674652,21671250,223.45,0.00159800,0
1505674651,21671248,223.43,0.37149353,0
1505674651,21671246,223.10,0.37142899,0
1505674651,21671245,223.00,0.35000000,0
1505674650,21671244,222.90,0.37236608,0
1505674650,21671243,222.90,0.37236438,0
1505674650,21671242,222.78,0.02747416,0
1505674650,21671241,222.78,0.17543384,0
1505674649,21671240,222.78,0.16966917,0
1505674649,21671238,222.73,0.19737643,0
1505674649,21671237,222.73,0.17528070,0
1505674649,21671236,222.70,0.17214687,0
1505674649,21671235,222.70,0.20055709,0
1505674648,21671234,222.70,0.74000000,1
1505674648,21671233,222.68,0.37273943,0
1505674647,21671232,222.66,0.50000000,0
1505674647,21671231,222.66,3.89000000,1
1505674647,21671230,222.65,0.41000000,0
1505674647,21671229,222.56,1.00000000,0
1505674647,21671228,222.56,1.05990000,1
1505674646,21671227,222.52,0.37000000,0
1505674646,21671226,222.52,0.37000000,0
1505674646,21671225,222.52,3.88871400,0
1505674644,21671224,222.16,0.08073953,0
1505674634,21671218,222.16,1.05990000,0
1505674601,21671178,222.17,3.62479905,1
1505674599,21671175,222.52,0.37142156,0
1505674594,21671166,222.52,0.36986444,0
1505674591,21671162,222.10,0.37305747,1
1505674588,21671151,222.50,0.37303455,0
1505674587,21671146,222.10,0.37371253,0
1505674586,21671129,222.03,0.37305353,0
1505674580,21671106,222.00,1.98765844,0
1505674580,21671105,222.00,3.40057890,0
1505674578,21671101,222.00,7.37433101,0
1505674578,21671099,221.98,1.01233565,0
1505674577,21671095,221.97,0.04845435,0
1505674561,21671044,221.46,1.89045535,1
1505674549,21671039,220.99,0.32702111,1
1505674549,21671038,221.54,0.04845435,1
1505674543,21671034,221.54,0.42082623,1
1505674542,21671033,221.54,0.59150942,1
1505674542,21671032,221.98,0.37236608,1
1505674531,21670981,222.00,3.22509009,0
1505674531,21670980,221.99,0.62000000,1
1505674530,21670979,221.93,0.24269850,0
1505674530,21670978,221.92,0.37401729,0
1505674530,21670977,221.86,0.04881847,0
1505674529,21670976,221.83,0.17700094,0
1505674529,21670975,221.83,0.19716448,0
1505674529,21670972,221.81,8.47049046,0
1505674527,21670970,221.79,4.63000000,0
1505674480,21670930,221.81,0.37236438,0
1505674476,21670917,221.78,0.19737643,1
1505674472,21670911,221.78,0.02635969,0
1505674472,21670910,221.78,0.05416220,0
1505674472,21670909,221.78,0.11845179,0
1505674470,21670906,221.69,0.00170319,0
1505674465,21670894,221.67,0.02747416,1
1505674459,21670886,221.67,0.02933786,0
1505674459,21670885,221.60,0.37455964,0
1505674459,21670883,221.60,0.00000298,0
1505674458,21670881,221.60,0.30859000,0
1505674458,21670879,221.60,0.06596666,0
1505674458,21670878,221.55,0.53000000,0
1505674458,21670877,221.52,1.80000000,0
1505674458,21670875,221.52,1.82036286,0
1505674454,21670862,221.52,1.28963714,1
1505674454,21670861,221.52,0.51000000,1
1505674453,21670860,221.55,1.99171067,0
1505674453,21670859,221.55,1.12000000,0
1505674453,21670858,221.55,0.51000000,1
1505674452,21670855,221.52,0.51000000,1
1505674452,21670854,221.52,1.06036286,1
1505674451,21670850,221.52,0.51000000,1
1505674450,21670846,221.52,0.51000000,1
1505674449,21670844,221.52,0.51000000,1
1505674449,21670842,221.52,0.51000000,1
1505674448,21670840,221.55,0.51000000,0
1505674442,21670820,221.55,0.53000000,1
1505674442,21670818,221.58,2.47000000,1
1505674442,21670815,221.58,1.16296633,0
1505674441,21670814,221.56,1.00000000,1
1505674441,21670813,221.55,2.47000000,1
1505674440,21670811,221.58,0.99703367,0
1505674440,21670810,221.58,2.10120957,0
1505674440,21670809,221.57,0.37000000,0
1505674427,21670795,221.52,0.22000000,1
1505674424,21670789,221.42,0.37000000,0
1505674415,21670777,221.58,0.37303455,0
1505674413,21670775,221.58,2.15575588,0
1505674413,21670774,221.58,0.00158141,0
1505674413,21670773,221.58,1.89331818,1
1505674411,21670772,221.42,0.37472570,0
1505674405,21670768,220.97,0.37371253,0
1505674405,21670767,220.97,0.54000000,0
1505674398,21670747,220.96,0.13294745,0
1505674398,21670746,220.92,0.37571361,0
1505674398,21670745,220.86,0.00133894,0
1505674393,21670742,220.76,0.03133569,0
1505674390,21670735,220.75,0.37599093,1
1505674389,21670729,220.69,0.37599082,0
1505674389,21670727,220.68,0.22988505,0
1505674389,21670726,220.68,0.00154758,0
1505674386,21670722,220.50,0.00094986,0
1505674386,21670720,220.50,0.18902175,0
1505674376,21670686,220.50,1.70974448,0
1505674373,21670669,220.50,0.31152000,0
1505674371,21670665,220.50,6.00000000,0
1505674370,21670660,220.04,2.80703071,1
1505674370,21670659,220.04,3.22000000,1
1505674370,21670657,220.49,7.97296929,1
1505674353,21670620,220.50,1.97524700,0
1505674353,21670618,220.49,10.17000000,0
1505674335,21670590,220.49,2.07828294,1
1505674334,21670584,220.50,17.46041100,0
1505674333,21670581,220.50,7.90657000,0
1505674332,21670579,220.50,1.27745000,0
1505674322,21670562,220.50,6.08326530,0
1505674316,21670559,220.50,5.81821000,0
1505674308,21670549,220.50,0.12450737,0
1505674300,21670534,220.49,0.07147370,1
1505674253,21670491,220.49,0.05863636,1
1505674252,21670490,220.49,0.19000000,1
1505674226,21670472,220.49,0.10000000,1
1505674224,21670467,220.50,0.20000000,0
1505674223,21670465,220.50,0.71269841,0
1505674213,21670460,220.50,0.20000000,0
1505674212,21670457,220.49,0.12000000,1
1505674199,21670446,220.49,0.14000000,1
1505674199,21670445,220.50,0.20000000,0
1505674193,21670441,220.50,0.37415000,0
1505674189,21670431,220.50,14.11850340,0
1505674189,21670429,220.50,0.37366438,0
1505674186,21670421,220.49,0.17000000,1
1505674173,21670415,220.49,0.20000000,1
1505674168,21670413,220.49,1.33817000,1
1505674165,21670406,220.49,2.55962000,1
1505674163,21670403,220.49,0.56955700,1
1505674162,21670402,220.49,2.55977000,1
1505674160,21670399,220.49,0.24000000,1
1505674146,21670392,220.49,0.29000000,1
1505674135,21670386,220.49,0.38449000,1
1505674134,21670384,220.49,0.03000000,1
1505674133,21670383,220.49,0.34000000,1
1505674120,21670369,220.49,0.41000000,1
1505674107,21670354,220.49,0.59000000,1
1505674106,21670351,220.49,0.56000000,0
1505674100,21670327,220.49,0.03000000,0
1505674091,21670309,220.48,0.12723000,1
1505674075,21670290,220.48,1.06590000,0
1505674054,21670269,220.00,0.53999966,0
1505674054,21670268,220.00,0.45307557,0
1505673975,21670247,220.00,0.37216457,0
1505673969,21670245,220.00,0.37333087,0
1505673969,21670244,220.00,0.74279263,0
1505673959,21670236,220.00,0.05863636,1
1505673947,21670233,219.99,1.62168188,1
1505673946,21670232,220.00,0.58117500,0
1505673946,21670231,220.00,0.37571361,0
1505673945,21670230,220.00,1.06590000,1
1505673911,21670182,220.49,0.44258633,0
1505673900,21670164,220.49,1.08999500,0
1505673895,21670154,220.50,1.13155416,0
1505673895,21670152,220.47,1.06363858,0
1505673892,21670142,220.50,5.45532300,0
1505673889,21670135,220.49,1.61000000,0
1505673889,21670133,220.48,2.66682800,0
1505673875,21670104,219.99,9.70800000,1
1505673875,21670103,220.00,1.00000000,1
1505673875,21670102,220.00,2.38000000,1
1505673858,21670084,220.01,0.37728987,1
1505673856,21670082,220.68,0.30859000,1
1505673852,21670079,219.99,0.80000000,1
1505673843,21670066,219.99,1.39000000,1
1505673834,21670049,220.00,0.13575000,0
1505673832,21670047,220.00,0.37564595,0
1505673831,21670046,220.00,2.52000000,1
1505673819,21670043,220.00,2.90281349,0
1505673819,21670042,220.05,0.30887000,1
1505673819,21670041,220.06,0.57000000,1
1505673819,21670040,220.06,2.84000000,1
1505673818,21670039,220.09,9.79000000,1
1505673805,21669993,220.03,0.37722128,1
1505673804,21669984,220.68,0.31017763,0
1505673803,21669981,220.67,2.45421577,0
1505673803,21669980,220.66,0.37614429,1
1505673802,21669979,220.66,0.00000390,0
1505673796,21669972,220.02,0.37725557,1
1505673795,21669968,220.66,0.21458610,1
1505673793,21669965,220.66,0.16000000,0
1505673792,21669963,219.99,0.79000000,0
1505673767,21669930,220.00,1.64514815,0
1505673764,21669923,219.99,1.26674610,0
1505673764,21669919,219.98,0.94000000,1
1505673763,21669914,219.99,1.26411242,0
1505673762,21669912,219.99,0.75731491,0
1505673761,21669907,219.99,0.76560190,0
1505673758,21669903,219.99,1.20355700,0
1505673758,21669902,219.99,2.36391629,0
1505673758,21669900,219.99,1.11000000,0
1505673756,21669894,219.99,2.31519614,0
1505673756,21669891,219.99,1.80812764,0
1505673753,21669876,219.99,0.16188613,0
1505673752,21669874,219.98,1.11000000,0
1505673750,21669870,219.99,2.73345330,0
1505673744,21669864,219.99,3.48893131,0
1505673742,21669858,219.98,1.09000000,0
1505673737,21669850,219.98,0.23000000,1
1505673729,21669829,219.99,3.41283694,0
1505673725,21669823,219.98,1.57000000,0
1505673720,21669796,219.80,0.72557794,0
1505673719,21669791,219.80,0.75777979,0
1505673718,21669786,219.80,2.84946572,0
1505673717,21669785,219.78,1.48327591,0
1505673717,21669782,219.78,0.13952709,1
1505673717,21669781,219.78,0.00165955,0
1505673714,21669777,219.80,17.87275300,0
1505673713,21669776,219.80,4.07777400,0
1505673713,21669774,219.80,0.23001547,0
1505673711,21669765,219.80,2.82645400,0
1505673711,21669764,219.80,0.18716965,0
1505673709,21669763,219.80,3.64755887,0
1505673709,21669761,219.83,0.20055709,1
1505673709,21669760,219.83,0.17543384,1
1505673709,21669759,219.84,0.09899441,1
1505673708,21669758,219.85,1.35046622,1
1505673708,21669757,219.98,0.87432706,0
1505673708,21669755,219.95,0.00011607,0
1505673704,21669742,219.95,0.68988406,0
1505673693,21669734,219.95,1.04638500,0
1505673692,21669733,219.94,0.69000000,0
1505673688,21669730,219.95,0.26361487,0
1505673683,21669720,219.99,0.42956498,0
1505673682,21669718,219.98,6.91674884,0
1505673682,21669717,219.98,2.42000000,0
1505673682,21669715,219.97,10.02999500,0
1505673675,21669708,219.84,0.10000000,1
1505673664,21669701,219.97,1.40592000,0
1505673658,21669692,219.98,1.36264092,0
1505673656,21669687,219.99,0.15005227,0
1505673646,21669670,219.87,0.45765958,1
1505673641,21669655,219.99,0.79092359,0
1505673641,21669654,219.87,1.56440668,0
1505673641,21669652,219.87,0.37559332,1
1505673640,21669651,219.98,2.09904422,0
1505673640,21669648,219.98,0.61975578,0
1505673638,21669643,219.98,0.30120000,0
1505673634,21669639,219.97,0.33622000,0
1505673632,21669633,219.98,0.07000000,1
1505673631,21669632,219.99,1.46691797,0
1505673630,21669629,219.99,2.28452527,0
1505673627,21669618,219.98,0.18448896,0
1505673625,21669613,219.99,0.18473566,0
1505673625,21669609,219.99,0.38073907,0
1505673622,21669601,219.99,0.11311400,0
1505673616,21669594,219.99,0.58500000,0
1505673605,21669583,220.76,0.14721720,0
1505673605,21669582,220.75,0.17385006,1
1505673603,21669581,219.85,0.37754730,1
1505673599,21669575,219.84,0.00099497,0
1505673598,21669572,219.84,0.19799944,0
1505673594,21669569,220.74,1.05993000,0
1505673594,21669567,220.70,0.00000589,0
1505673594,21669566,220.00,0.20000000,0
1505673589,21669562,220.00,1.80000000,0
1505673586,21669560,220.16,0.18040000,1
1505673585,21669559,220.00,0.50000000,0
1505673585,21669558,220.00,8.25345291,0
1505673585,21669557,219.83,1.13858247,0
1505673584,21669556,220.00,0.06215231,1
1505673584,21669555,220.00,1.00000000,1
1505673584,21669554,220.00,0.45450000,1
1505673584,21669553,220.00,0.47034516,1
1505673584,21669552,220.16,0.42965484,1
1505673584,21669551,220.17,0.92000000,1
1505673580,21669547,220.00,0.42965484,1
1505673578,21669545,220.51,0.57034516,1
1505673573,21669534,220.01,0.27678136,1
1505673573,21669531,220.20,1.53495393,1
1505673573,21669530,220.20,0.63369648,0
1505673573,21669528,220.50,0.37472570,1
1505673571,21669525,220.51,0.82431302,1
1505673547,21669504,220.69,3.23104800,1
1505673547,21669501,220.70,18.47678515,0
1505673544,21669499,220.70,0.10000000,1
1505673544,21669498,220.71,2.15266160,1
1505673544,21669497,220.71,1.05993000,1
1505673531,21669474,221.00,14.90950000,0
1505673531,21669473,220.99,3.28000000,0
1505673489,21669447,220.52,0.37638309,1
1505673487,21669443,220.99,0.28888386,0
1505673487,21669441,220.97,0.00000014,0
1505673486,21669435,220.97,1.05867986,0
1505673486,21669434,220.58,0.00000014,0
1505673471,21669415,220.58,14.08072600,0
1505673471,21669414,220.58,4.64040000,0
1505673460,21669411,221.00,0.09478700,0
1505673451,21669400,221.00,2.59907300,0
1505673450,21669399,220.99,8.91353200,0
1505673447,21669398,220.99,0.23148900,0
1505673447,21669397,221.00,0.37401729,0
1505673445,21669396,221.01,1.05868000,1
1505673445,21669395,221.02,14.29724706,1
1505673386,21669382,220.57,11.58712300,1
1505673381,21669381,220.91,0.06850247,1
1505673381,21669380,221.04,0.37305353,1
1505673381,21669379,221.10,1.00000000,1
1505673381,21669378,221.12,5.20233500,1
1505673371,21669370,221.31,0.20220225,0
1505673370,21669369,221.31,0.99992041,1
1505673370,21669368,221.81,1.62244799,0
1505673370,21669367,221.80,2.02202250,0
1505673365,21669362,221.80,1.81982025,1
1505673359,21669346,221.81,0.04396573,0
1505673359,21669345,221.81,0.00000027,0
1505673343,21669336,221.31,0.00007959,0
1505673326,21669317,221.81,7.87335242,0
1505673326,21669315,221.80,0.75621358,0
1505673310,21669288,221.50,0.00000578,0
1505673310,21669286,221.50,10.11120500,0
1505673296,21669281,221.50,2.24717833,0
1505673291,21669280,221.50,1.14189842,0
1505673274,21669274,221.49,1.96547727,1
1505673260,21669269,221.49,1.05638000,1
1505673260,21669268,221.49,13.20051309,1
1505673260,21669266,221.06,2.49875578,0
1505673256,21669264,221.12,1.05638000,1
1505673255,21669263,221.15,0.10000000,1
1505673235,21669245,221.50,2.46533853,0
1505673219,21669225,221.50,0.44394900,0
1505673219,21669223,221.50,0.33309093,0
1505673219,21669222,221.49,0.06623264,0
1505673214,21669219,221.50,1.12591421,0
1505673201,21669204,221.50,0.37316928,0
1505673184,21669188,221.50,0.60504800,0
1505673183,21669184,221.50,0.78079000,0
1505673183,21669181,221.50,0.21995034,0
1505673183,21669178,221.50,0.15246218,0
1505673165,21669143,221.81,1.34205551,0
1505673160,21669128,221.81,0.74788103,0
1505673160,21669127,221.80,0.10000000,0
1505673160,21669126,221.79,0.37294293,0
1505673160,21669125,221.77,1.19332292,0
1505673159,21669124,221.77,0.21959335,0
1505673159,21669123,221.77,1.88708373,0
1505673159,21669122,221.68,0.37289991,0
1505673131,21669099,221.36,0.09376736,0
1505673118,21669090,221.36,0.16000000,0
1505673118,21669089,220.23,3.55506627,0
1505673118,21669088,220.67,0.31923318,1
1505673117,21669087,220.67,1.04200272,1
1505673117,21669086,220.67,4.21110100,0
1505673117,21669085,220.67,1.11864600,0
1505673117,21669084,220.74,1.64700000,1
1505673117,21669083,220.74,0.83802721,1
1505673116,21669082,220.76,0.37289991,1
1505673116,21669081,220.76,0.15102547,0
1505673116,21669080,220.86,0.37294293,1
1505673116,21669079,221.00,0.10000000,1
1505673115,21669078,221.37,0.41789041,1
1505673090,21669070,221.81,1.01920681,0
1505673090,21669069,221.64,0.00079319,0
1505673079,21669066,221.64,1.03417786,0
1505673070,21669062,221.63,0.45224022,1
1505673056,21669022,221.64,7.04620712,0
1505673056,21669021,221.64,0.91882183,0
1505673056,21669020,221.63,0.35950000,0
1505673051,21669017,221.63,1.02177864,0
1505673050,21669016,221.63,4.82588039,0
1505673039,21669003,221.86,0.32262481,0
1505673039,21669002,221.68,0.00167719,0
1505673039,21669001,221.66,0.10000000,0
1505673038,21668999,221.65,0.74545454,0
1505673028,21668993,221.62,0.36000000,0
1505673026,21668988,221.64,0.34989216,0
1505673026,21668985,221.64,1.96297611,0
1505673026,21668983,221.63,1.05390563,0
1505673022,21668980,221.64,0.55886172,0
1505673014,21668953,221.65,0.37131401,0
1505673014,21668952,221.65,2.11205847,0
1505673008,21668931,220.73,3.31968108,1
1505673008,21668930,220.73,0.42190023,1
1505673008,21668928,220.74,1.40754731,0
1505673007,21668925,220.74,0.37441662,0
1505673006,21668923,220.74,0.37144328,1
1505673006,21668922,220.75,5.02281651,1
1505672997,21668906,222.35,0.37149353,0
1505672995,21668902,220.67,1.16168335,0
1505672995,21668901,220.67,1.83831665,0
1505672993,21668894,220.21,1.82181000,0
1505672992,21668891,220.61,0.51000000,1
1505672992,21668889,220.73,2.03000000,0
1505672992,21668888,220.73,0.35950000,1
1505672990,21668881,222.10,0.27869000,1
1505672984,21668875,221.57,1.00000000,1
1505672983,21668871,220.71,2.49527000,0
1505672982,21668868,222.06,0.14473000,1
1505672982,21668867,222.09,0.36000000,1
1505672981,21668866,222.40,0.27832700,0
1505672978,21668863,220.68,14.05966352,1
1505672978,21668862,221.33,0.98112376,1
1505672977,21668861,221.34,5.40000000,1
1505672977,21668860,222.00,0.05000000,1
1505672977,21668859,222.02,4.63000000,1
1505672977,21668858,222.06,4.77921272,1
1505672977,21668857,222.08,0.10000000,1
1505672975,21668855,222.44,0.14448235,0
1505672975,21668854,222.43,0.05352662,0
1505672970,21668853,222.43,0.90126000,1
1505672970,21668852,222.43,0.10000000,0
1505672964,21668846,222.50,0.10000000,0
1505672957,21668843,222.15,0.06527637,1
1505672953,21668837,222.14,0.16242899,1
1505672952,21668836,222.47,0.10000000,0
1505672951,21668834,222.14,0.18000000,1
1505672946,21668824,222.14,1.12257101,1
1505672946,21668823,222.15,0.37142899,1
1505672919,21668790,222.15,0.02000000,1
1505672919,21668789,222.18,0.10000000,1
1505672910,21668776,222.62,1.93024916,0
1505672910,21668775,222.61,0.10000000,0
1505672906,21668771,222.65,0.93288248,1
1505672906,21668769,222.62,0.01522752,0
1505672905,21668766,222.62,0.48477248,1
1505672905,21668765,222.63,1.05340893,0
1505672903,21668760,222.62,1.37000000,1
1505672901,21668756,222.64,4.63000000,1
1505672895,21668746,222.65,0.10000000,1
1505672892,21668722,222.96,0.94666480,0
1505672891,21668712,222.95,0.10000000,0
1505672882,21668680,222.63,1.07591421,1
1505672882,21668677,222.64,0.37042360,1
1505672880,21668668,222.63,1.04441009,1
1505672875,21668646,223.40,2.00733571,0
1505672874,21668640,222.62,0.66118453,1
1505672874,21668639,223.00,1.03000000,1
1505672874,21668638,222.63,3.10000000,0
1505672874,21668635,223.08,0.15000000,1
1505672873,21668634,223.08,0.35000000,1
1505672872,21668631,222.62,1.30205871,1
1505672872,21668629,222.62,4.13000000,0
1505672872,21668627,222.62,0.15000000,0
1505672871,21668625,222.63,10.58000000,0
1505672871,21668624,222.64,5.18000000,1
1505672871,21668623,222.64,0.35000000,0
1505672871,21668621,222.84,2.41969381,1
1505672870,21668619,222.98,0.24000000,1
1505672870,21668618,222.98,1.52416395,1
1505672870,21668616,222.98,2.37000000,0
1505672870,21668613,222.98,0.10583605,1
1505672870,21668612,222.98,0.04523608,1
1505672869,21668604,223.00,0.35000000,0
1505672868,21668601,223.08,2.36450000,1
1505672868,21668600,223.07,0.35550000,0
1505672866,21668595,222.98,2.71360000,1
1505672865,21668592,222.98,0.23904236,1
1505672864,21668583,222.98,1.63212156,1
1505672861,21668569,222.97,1.99815635,1
1505672861,21668567,223.50,0.00184365,1
1505672861,21668565,223.50,0.36688577,1
1505672858,21668550,223.52,0.00108116,0
1505672858,21668549,223.51,0.36870830,0
1505672857,21668544,223.50,1.63127058,1
1505672857,21668543,223.51,0.36872938,1
1505672856,21668532,223.52,0.34115113,1
1505672855,21668531,223.52,1.00000000,1
1505672854,21668528,223.52,1.86278015,1
1505672854,21668527,223.52,1.99997795,1
1505672854,21668526,223.52,3.38824473,1
1505672852,21668512,223.52,2.02161270,1
1505672851,21668505,223.52,0.36872938,1
1505672824,21668465,223.59,0.59304978,1
1505672821,21668459,223.51,0.90000000,1
1505672821,21668457,223.60,0.10000000,1
1505672797,21668367,224.40,1.60328958,0
1505672797,21668366,224.39,0.59106042,0
1505672797,21668364,224.35,0.10000000,0
1505672797,21668362,223.95,0.56000000,0
1505672786,21668326,223.54,10.96743102,1
1505672786,21668324,223.55,5.43000000,1
1505672786,21668323,223.55,1.06166361,1
1505672786,21668322,223.57,0.26972900,1
1505672786,21668321,223.95,0.10000000,1
1505672785,21668320,223.95,0.45880000,1
1505672743,21668297,224.49,0.45765958,0
1505672675,21668207,224.55,0.04088574,1
1505672675,21668206,224.58,0.00011805,1
1505672665,21668198,224.58,0.26792235,1
1505672662,21668196,224.58,0.10000000,0
1505672661,21668195,223.60,0.54735198,1
1505672661,21668194,223.61,0.99999500,0
1505672661,21668193,223.90,1.43108500,0
1505672660,21668192,223.90,2.02156802,0
1505672659,21668191,223.60,3.56205112,1
1505672659,21668187,223.80,0.25000000,1
1505672659,21668186,223.80,0.36889198,0
1505672658,21668185,223.90,10.00000000,1
1505672658,21668184,223.93,0.36855659,1
1505672658,21668183,223.93,2.24681992,0
1505672656,21668182,224.01,2.24708039,1
1505672656,21668181,224.02,0.10000000,1
1505672576,21668119,224.70,0.36768559,0
1505672575,21668117,224.16,3.40989460,0
1505672574,21668116,224.13,0.10000000,0
1505672563,21668105,224.30,1.00000000,1
1505672563,21668104,224.31,0.35550000,1
1505672563,21668103,224.45,0.04088574,1
1505672563,21668102,224.48,1.04872000,1
1505672563,21668101,224.55,0.04499966,1
1505672563,21668100,224.56,0.10000000,1
1505672531,21668080,224.42,0.07417861,1
1505672520,21668050,225.00,1.60545687,0
1505672520,21668049,224.99,1.21000000,0
1505672520,21668048,224.99,2.55454313,0
1505672520,21668047,224.97,4.63000000,0
1505672515,21668033,224.98,4.43417193,0
1505672493,21668011,224.99,0.00020707,0
1505672493,21668010,224.99,0.36717000,0
1505672489,21667996,224.99,0.36717123,1
1505672489,21667993,225.00,15.15437237,0
1505672489,21667991,225.00,3.13411651,0
1505672488,21667990,224.99,1.44000000,0
1505672488,21667989,224.97,0.00056171,0
1505672488,21667987,224.97,0.11178057,0
1505672488,21667986,224.97,0.25656335,0
1505672488,21667983,224.96,0.36890903,0
1505672487,21667982,224.96,3.01700169,1
1505672487,21667980,224.95,0.36894225,0
1505672487,21667979,224.92,0.36717344,0
1505672487,21667978,224.92,1.27309330,1
1505672486,21667974,224.91,1.55652207,0
1505672486,21667973,224.91,3.60000000,1
1505672486,21667972,224.90,0.35560000,0
1505672486,21667971,224.86,1.27309128,1
1505672484,21667969,224.86,0.10000000,1
1505672472,21667956,224.91,0.36591744,0
1505672460,21667940,224.28,0.10000000,1
1505672450,21667937,223.91,1.60351426,1
1505672450,21667936,223.92,0.35560000,1
1505672450,21667935,224.22,0.04088574,1
1505672445,21667930,224.91,1.16167700,0
1505672444,21667929,224.81,4.83832300,0
1505672440,21667928,224.81,6.08130885,0
1505672440,21667927,224.80,0.46000000,0
1505672440,21667926,224.73,2.59769969,0
1505672440,21667925,224.67,0.86099146,0
1505672439,21667924,224.67,0.36757641,0
1505672431,21667919,224.80,1.36507542,0
1505672431,21667918,224.67,0.36943867,0
1505672430,21667917,224.51,0.36614502,0
1505672430,21667916,224.50,1.00000000,0
1505672430,21667914,224.37,0.06215231,0
1505672428,21667913,224.25,0.74761971,0
1505672366,21667857,224.25,0.30219914,0
1505672349,21667837,224.25,0.06632278,0
1505672349,21667836,224.25,0.20073833,0
1505672348,21667835,224.24,0.10000000,0
1505672337,21667824,224.27,8.00601953,0
1505672321,21667778,224.37,1.01370648,0
1505672321,21667777,224.37,0.98669700,0
1505672316,21667766,224.40,0.01275036,0
1505672315,21667764,223.72,0.35560000,0
1505672315,21667760,223.58,0.32183133,0
1505672314,21667755,223.71,0.10000000,1
1505672314,21667753,223.72,0.20873000,1
1505672314,21667751,223.72,1.00000000,0
1505672313,21667748,223.73,0.36943867,0
1505672287,21667653,224.49,0.36801315,0
1505672273,21667643,223.89,0.10435000,0
1505672268,21667640,223.89,0.10424022,0
1505672263,21667633,223.87,1.00000000,0
1505672255,21667628,223.89,0.10000000,1
1505672253,21667627,223.89,0.00008108,0
1505672253,21667626,223.89,0.10000000,0
1505672236,21667610,223.70,0.56892713,0
1505672236,21667609,223.70,0.43107287,0
1505672233,21667604,223.70,0.10000000,0
1505672232,21667603,223.70,1.00000000,0
1505672231,21667602,223.70,2.99892713,1
1505672231,21667600,223.72,0.10000000,1
1505672225,21667596,224.00,0.50000000,1
1505672211,21667591,224.29,0.80126000,0
1505672210,21667588,224.08,0.10000000,1
1505672210,21667586,224.08,0.10000000,0
1505672162,21667571,223.70,3.00987872,0
1505672161,21667570,223.70,0.36894225,0
1505672161,21667569,224.00,0.25000000,1
1505672161,21667568,224.01,0.36890903,1
1505672159,21667567,224.04,1.00227000,1
1505672119,21667524,224.51,0.00184085,1
1505672119,21667522,224.51,0.36632904,1
1505672115,21667520,224.55,0.99998101,0
1505672115,21667519,224.06,0.00001899,0
1505672111,21667517,224.04,0.00056171,1
1505672110,21667513,224.04,0.11178057,1
1505672101,21667504,224.04,0.25656335,1
1505672096,21667501,224.06,0.35560000,1
1505672090,21667495,224.05,0.00175225,1
1505672090,21667491,224.05,0.34869775,1
1505672078,21667486,224.61,0.34958372,0
1505672077,21667485,224.60,0.36799861,0
1505672076,21667484,224.04,0.05560250,0
1505672020,21667447,224.04,0.89165700,1
1505672019,21667443,224.04,0.05607616,1
1505671977,21667418,224.05,0.10059000,1
1505671962,21667406,224.04,0.70108017,1
1505671961,21667405,224.91,0.05000000,0
1505671960,21667402,224.91,0.00002493,1
1505671959,21667398,224.91,4.73924757,1
1505671957,21667391,224.91,1.75221205,1
1505671955,21667386,224.91,1.25115152,1
1505671954,21667382,224.91,3.23264293,1
1505671954,21667380,224.92,0.36735707,1
1505671952,21667373,225.00,18.37728472,1
1505671951,21667371,225.00,0.33533900,1
1505671951,21667368,225.00,30.69681000,1
1505671949,21667361,225.00,4.10809794,1
1505671949,21667360,225.01,5.70000000,1
1505671949,21667359,225.02,8.56125122,1
1505671949,21667358,225.06,1.63065084,1
1505671936,21667346,225.06,1.07693300,1
1505671932,21667340,225.33,0.10000000,0
1505671919,21667332,225.02,0.71086878,1
1505671914,21667323,225.04,0.08406424,1
1505671909,21667318,225.02,5.72788000,1
1505671909,21667317,225.06,0.17212000,1
1505671909,21667316,225.07,0.10000000,1
1505671888,21667309,225.45,0.17181620,0
1505671888,21667308,225.43,0.10000000,0
1505671880,21667298,225.01,1.11697364,1
1505671880,21667297,225.02,1.04563000,1
1505671874,21667291,225.01,4.98000000,1
1505671874,21667290,225.02,0.10000000,1
1505671869,21667285,225.01,1.39622222,1
1505671869,21667284,225.01,0.22523996,1
1505671862,21667274,224.59,1.04960150,1
1505671862,21667272,224.60,0.10000000,1
1505671861,21667270,225.32,0.44752727,1
1505671861,21667269,225.32,0.31476704,1
1505671859,21667266,225.32,0.35460000,0
1505671856,21667265,224.58,0.26384759,1
1505671856,21667264,224.59,0.35460000,1
1505671855,21667262,224.59,0.14472988,1
1505671855,21667261,224.59,0.22178015,1
1505671852,21667249,225.70,0.36592459,1
1505671852,21667244,226.16,12.35041563,0
1505671851,21667243,226.15,0.97000000,1
1505671851,21667242,226.15,3.47471272,1
1505671851,21667240,226.00,0.10000000,0
1505671850,21667236,225.95,0.44260000,0
1505671850,21667233,225.95,10.00464200,1
1505671850,21667230,225.95,4.63000000,1
1505671849,21667223,225.92,0.36740076,0
1505671849,21667221,225.92,1.08447700,1
1505671849,21667218,225.79,0.01822357,0
1505671849,21667216,225.79,0.34938675,0
1505671848,21667213,225.70,0.36775717,0
1505671848,21667212,225.70,1.42185866,1
1505671848,21667211,225.70,1.08393464,1
1505671848,21667208,225.69,0.50000000,0
1505671848,21667207,225.65,0.07500000,0
1505671847,21667206,225.64,0.34313751,0
1505671847,21667205,225.64,0.02472107,0
1505671847,21667204,225.59,0.36792572,0
1505671847,21667203,225.53,0.98112376,0
1505671846,21667202,225.51,0.24000000,0
1505671846,21667201,225.13,0.36868186,0
1505671846,21667200,225.11,0.36864282,0
1505671846,21667199,225.10,1.20000000,0
1505671845,21667198,225.09,0.36875539,0
1505671845,21667197,225.09,1.01298123,1
1505671845,21667196,225.09,1.27798664,1
1505671845,21667194,225.01,0.24867896,0
1505671844,21667192,225.01,0.12000000,0
1505671844,21667191,225.00,0.50000000,0
1505671844,21667190,225.00,0.27000000,0
1505671844,21667189,225.00,1.94703609,0
1505671844,21667188,225.00,0.15000000,0
1505671844,21667187,225.00,10.00000000,0
1505671843,21667184,224.99,1.00000000,0
1505671843,21667183,224.99,0.04223330,0
1505671843,21667182,224.99,0.10830000,0
1505671843,21667181,224.99,0.10815641,0
1505671843,21667180,224.99,0.10972231,0
1505671843,21667179,224.99,1.85984838,0
1505671842,21667175,224.97,0.10000000,0
1505671829,21667166,224.32,0.05898008,0
1505671828,21667165,224.54,0.10000000,1
1505671817,21667162,224.98,3.00000000,0
1505671799,21667155,224.99,0.17734122,0
1505671799,21667154,224.98,0.36740076,1
1505671797,21667150,224.99,0.69061291,0
1505671797,21667149,224.99,0.10000000,1
1505671796,21667148,224.98,1.42000000,0
1505671796,21667147,224.98,0.67841711,1
1505671796,21667145,224.74,0.36892521,0
1505671795,21667144,224.70,1.00000000,0
1505671795,21667143,224.66,0.08000000,0
1505671794,21667139,224.44,0.10000000,0
1505671750,21667116,224.65,0.36792572,0
1505671748,21667115,224.16,0.06666002,0
1505671732,21667100,224.16,0.03329000,0
1505671732,21667099,224.13,0.27000000,0
1505671730,21667097,224.08,0.08000000,1
1505671729,21667093,224.08,0.24867896,1
1505671729,21667092,224.09,0.36864282,1
1505671729,21667091,224.13,0.10000000,0
1505671727,21667083,224.17,0.10000000,1
1505671716,21667072,224.13,0.16000000,1
1505671714,21667071,224.69,0.09105000,0
1505671710,21667069,224.69,0.36775717,0
1505671709,21667067,224.20,0.06568625,0
1505671675,21667042,224.20,0.59117624,0
1505671670,21667031,224.08,0.12000000,1
1505671653,21667023,224.70,0.34313751,1
1505671653,21667021,224.70,0.02472107,0
1505671651,21667016,224.04,0.89166221,0
1505671645,21667006,224.04,0.11753000,0
1505671641,21667000,224.00,0.10000000,0
1505671628,21666983,223.78,0.10000000,1
1505671581,21666931,224.04,3.54392073,0
1505671579,21666930,224.04,3.84816000,0
1505671579,21666928,224.02,0.10000000,0
1505671575,21666920,223.76,1.79113000,0
1505671572,21666913,223.77,0.10000000,1
1505671572,21666911,224.01,1.04186000,0
1505671571,21666908,223.76,1.78888500,0
1505671570,21666902,223.75,3.70808000,1
1505671569,21666899,224.01,0.36875539,0
1505671567,21666895,223.76,3.65072823,1
1505671567,21666893,223.77,0.36892521,1
1505671567,21666892,224.01,0.10000000,0
1505671565,21666885,224.72,0.36782216,1
1505671563,21666883,224.99,2.27219749,0
1505671563,21666882,224.98,0.04371497,0
1505671563,21666880,224.98,0.06601592,0
1505671563,21666879,224.98,0.10824927,0
1505671562,21666878,224.98,0.14968331,0
1505671562,21666877,224.97,0.36895275,0
1505671562,21666876,224.92,0.36902461,0
1505671562,21666875,224.90,3.60000000,0
1505671562,21666874,224.88,0.23801943,0
1505671562,21666872,224.80,0.05338680,0
1505671562,21666871,224.72,0.01964813,0
1505671561,21666870,224.72,0.34970627,0
1505671561,21666868,224.52,0.43900000,0
1505671561,21666866,224.50,0.36971851,0
1505671561,21666865,224.49,0.26973440,0
1505671561,21666864,224.49,0.10000000,0
1505671561,21666863,224.48,0.13491770,0
1505671560,21666862,224.48,0.13483868,0
1505671560,21666861,224.48,0.10000000,0
1505671560,21666859,224.24,0.17469980,0
1505671560,21666858,224.24,0.04526771,0
1505671560,21666857,224.24,0.15017887,0
1505671560,21666856,224.15,0.41315960,0
1505671560,21666855,224.08,0.37041550,0
1505671559,21666853,224.03,0.36841202,0
1505671559,21666852,224.02,0.27186000,0
1505671559,21666850,223.95,0.37057979,0
1505671559,21666849,223.93,0.37065917,0
1505671559,21666848,223.88,0.19881080,0
1505671559,21666846,223.84,0.09478477,0
1505671559,21666845,223.84,0.27600000,0
1505671559,21666843,223.82,0.37084581,0
1505671558,21666842,223.81,0.50000000,0
1505671558,21666841,223.80,0.37087503,0
1505671558,21666840,223.80,0.09851278,0
1505671558,21666839,223.80,0.27235000,0
1505671558,21666838,223.80,0.00000517,0
1505671558,21666837,223.77,0.37083468,0
1505671558,21666836,223.76,14.09662876,0
1505671556,21666832,223.00,0.31982361,1
1505671556,21666831,223.01,0.30184500,1
1505671556,21666830,223.54,1.44833139,1
1505671556,21666827,223.76,16.00547169,0
1505671556,21666826,223.75,0.45000000,0
1505671555,21666825,223.70,1.00000000,0
1505671555,21666824,223.66,1.00000000,0
1505671555,21666823,223.56,0.26973440,0
1505671555,21666822,223.55,11.82689391,0
1505671555,21666821,223.55,1.24163100,0
1505671555,21666820,223.55,0.66168304,0
1505671555,21666819,223.54,0.55022696,0
1505671555,21666817,223.54,1.15198700,0
1505671555,21666816,223.54,0.80778604,0
1505671554,21666815,223.01,0.30185096,0
1505671553,21666809,223.00,3.81815089,0
1505671553,21666806,222.95,1.42420804,0
1505671553,21666804,222.95,1.26973500,0
1505671553,21666802,222.95,1.00000000,0
1505671552,21666797,222.94,3.60000000,0
1505671549,21666775,222.94,0.10000000,0
1505671527,21666759,222.98,0.10000000,0
1505671520,21666754,222.99,0.09067469,0
1505671516,21666749,223.00,1.90000000,0
1505671515,21666748,222.98,0.10000000,0
1505671509,21666737,222.92,0.08000000,1
1505671506,21666733,222.97,0.69819000,0
1505671503,21666731,222.97,0.44801600,0
1505671503,21666730,222.90,1.05043000,1
1505671501,21666726,222.96,0.44497186,0
1505671498,21666721,222.90,4.61659400,0
1505671494,21666718,222.90,0.10000000,0
1505671484,21666709,223.00,5.17614753,1
1505671484,21666708,223.01,12.17000000,1
1505671484,21666707,223.02,0.37057979,1
1505671470,21666697,223.00,1.27000000,1
1505671470,21666696,223.18,0.10000000,1
1505671470,21666695,223.18,4.63000000,1
1505671463,21666689,223.00,1.80730538,1
1505671462,21666688,223.12,0.10060831,1
1505671462,21666687,223.15,19.35887269,1
1505671462,21666686,223.16,0.10000000,0
1505671460,21666685,223.50,0.56000000,1
1505671460,21666684,223.50,4.07321362,1
1505671452,21666679,223.50,0.00120405,1
1505671452,21666678,223.51,0.07879595,1
1505671432,21666671,223.55,3.05238202,0
1505671421,21666661,223.55,0.51529700,0
1505671397,21666612,223.51,0.06445000,1
1505671391,21666608,223.55,6.00000000,0
1505671381,21666599,223.55,1.70211303,0
1505671381,21666597,223.54,0.14324595,0
1505671360,21666551,223.50,0.55558233,0
1505671360,21666550,223.50,4.63000000,0
1505671359,21666549,223.50,1.98000000,0
1505671358,21666548,223.50,2.65000000,0
1505671358,21666547,223.50,1.00000000,0
1505671358,21666546,223.42,0.98000000,1
1505671358,21666545,223.42,0.20000000,1
1505671358,21666544,223.42,3.44700000,1
1505671352,21666531,223.42,0.98300000,0
1505671352,21666530,223.41,0.10000000,0
1505671352,21666529,223.41,0.10000000,0
1505671210,21666441,223.15,0.51603045,1
1505671205,21666439,223.15,6.13653596,1
1505671201,21666438,223.30,0.02686968,0
1505671180,21666431,223.30,0.98284819,0
1505671171,21666428,223.15,0.11552603,1
1505671165,21666425,223.16,1.47687922,1
1505671143,21666414,223.30,0.17469980,0
1505671143,21666412,223.30,0.04526771,0
1505671143,21666411,223.23,0.15017887,0
1505671138,21666410,222.81,2.50440390,0
1505671132,21666408,222.81,0.37087503,0
1505671131,21666407,223.00,0.02472107,1
1505671120,21666402,223.01,6.00000000,1
1505671114,21666401,223.18,0.84982109,0
1505671027,21666362,223.05,1.05043000,1
1505671019,21666351,222.22,0.72597097,0
1505671019,21666350,222.56,0.56253356,1
1505671018,21666349,222.84,0.37083468,1
1505671018,21666348,222.91,0.09478477,1
1505671018,21666347,222.98,0.10000000,1
1505671018,21666346,223.00,0.04526771,1
1505671018,21666345,223.04,0.10060831,1
1505670940,21666281,222.94,0.10000000,1
1505670940,21666279,222.91,0.27600000,1
1505670934,21666272,223.54,0.13491770,1
1505670933,21666269,223.54,0.13483868,1
1505670933,21666266,223.54,0.10000000,0
1505670928,21666254,222.91,0.89999996,0
1505670927,21666253,222.91,0.10000000,1
1505670924,21666246,223.56,0.26973440,1
1505670923,21666244,223.56,0.10000000,0
1505670883,21666222,222.74,0.02000000,1
1505670883,21666220,222.76,0.10000000,1
1505670869,21666215,223.69,0.11828870,0
1505670825,21666158,222.54,0.08000000,1
1505670813,21666147,223.79,0.01964813,1
1505670812,21666145,223.79,0.34970627,0
1505670805,21666142,223.56,4.49657523,1
1505670803,21666140,223.56,0.37060354,0
1505670802,21666138,223.55,4.45002881,0
1505670802,21666137,223.47,0.37012610,0
1505670802,21666136,223.46,0.36993102,0
1505670802,21666135,223.36,0.11226027,0
1505670798,21666134,223.36,0.36971851,0
1505670794,21666129,223.36,0.37157561,0
1505670794,21666128,223.17,0.28251995,0
1505670793,21666127,222.43,1.05335000,0
1505670793,21666126,223.14,0.37041550,0
1505670791,21666125,222.44,1.09643804,0
1505670791,21666124,222.44,0.33756196,0
1505670788,21666123,222.44,0.84600000,0
1505670784,21666116,222.10,5.66788264,1
1505670784,21666114,221.99,1.86890467,0
1505670784,21666113,221.99,0.19000000,0
1505670784,21666112,221.99,10.17109533,0
1505670784,21666110,220.67,8.85408759,0
1505670783,21666107,220.72,0.55000000,1
1505670783,21666106,220.86,0.08688187,1
1505670782,21666105,220.86,13.00612641,0
1505670782,21666104,220.87,4.63000000,1
1505670782,21666103,220.87,0.05769026,1
1505670782,21666101,220.87,0.05769026,1
1505670782,21666098,220.88,0.75720000,0
1505670781,21666097,220.88,4.63000000,0
1505670781,21666096,221.33,0.98112376,1
1505670781,21666095,221.34,25.00000000,0
1505670780,21666093,222.00,0.06215231,1
1505670780,21666092,222.10,0.68965903,1
1505670780,21666091,222.13,0.23336070,0
1505670779,21666090,222.23,0.31350100,1
1505670779,21666089,222.23,0.37157561,0
1505670779,21666087,222.42,0.10060831,1
1505670778,21666083,222.45,0.37000000,1
1505670778,21666082,222.45,1.05335000,1
1505670754,21666065,223.17,0.08939374,0
1505670724,21666048,222.34,5.00000000,1
1505670694,21666033,222.84,1.28125918,0
1505670694,21666032,222.80,0.31035143,0
1505670693,21666030,222.80,1.05274906,0
1505670693,21666029,222.76,0.31000000,0
1505670693,21666028,222.75,0.05470906,0
1505670681,21666006,222.77,0.37076573,0
1505670670,21665988,222.77,0.01452521,0
1505670670,21665986,222.77,0.35650000,0
1505670663,21665983,222.24,0.44000000,1
1505670654,21665970,222.24,0.31000000,1
1505670646,21665950,222.80,0.37006373,0
1505670644,21665946,222.80,0.26418200,0
1505670643,21665944,222.80,0.40414100,0
1505670640,21665943,222.87,0.09851278,1
1505670593,21665927,223.00,0.36898767,0
1505670592,21665926,223.00,0.36924757,0
1505670591,21665924,223.00,0.37065917,0
1505670587,21665920,222.87,0.27235000,1
1505670587,21665918,222.87,0.00000517,0
1505670586,21665915,222.22,0.06016551,1
1505670585,21665908,222.23,4.61292080,0
1505670585,21665906,222.23,0.37191369,0
1505670579,21665892,222.87,0.40576900,0
1505670560,21665855,222.89,0.37084581,0
1505670558,21665851,222.10,1.09922597,0
1505670558,21665849,222.10,2.55315921,0
1505670558,21665846,222.10,0.27235000,0
1505670556,21665840,222.29,0.14628374,1
1505670556,21665839,222.45,0.98112376,1
1505670556,21665838,222.52,0.36993102,1
1505670556,21665837,222.53,0.37012610,1
1505670552,21665832,222.99,0.27186000,0
1505670551,21665830,222.54,3.05926646,1
1505670551,21665828,222.59,0.37013000,1
1505670551,21665827,222.60,0.37060354,1
1505670549,21665825,222.90,1.00000000,1
1505670546,21665824,223.00,0.44100000,0
1505670529,21665796,223.99,0.36902461,0
1505670525,21665784,223.31,0.36895275,0
1505670524,21665778,223.43,0.03992299,0
1505670519,21665765,223.32,0.60450000,0
1505670518,21665760,223.32,0.55080000,0
1505670514,21665745,223.44,1.49400000,1
1505670511,21665736,222.51,0.50088031,1
1505670511,21665735,222.51,1.11998300,0
1505670511,21665734,222.52,1.76889380,0
1505670511,21665732,223.00,1.00000000,1
1505670511,21665731,223.00,13.00000000,1
1505670510,21665730,223.00,10.05427115,1
1505670510,21665728,223.43,1.49400000,1
1505670510,21665726,223.44,0.35650000,1
1505670505,21665722,223.00,0.94572885,1
1505670505,21665721,223.29,4.84628150,1
1505670505,21665720,223.30,10.91963185,1
1505670504,21665718,223.31,5.27000000,0
1505670504,21665716,223.43,1.45000000,1
1505670503,21665715,223.68,0.19881080,1
1505670502,21665712,224.00,0.00004998,1
1505670500,21665709,224.02,0.36897524,0
1505670496,21665703,224.00,0.09995002,1
1505670491,21665690,224.02,0.04371497,1
1505670484,21665667,224.02,0.06601592,1
1505670484,21665665,224.03,0.04223330,1
1505670483,21665660,224.03,0.10830000,1
1505670483,21665659,224.03,0.10815641,1
1505670482,21665658,224.03,0.10972231,1
1505670481,21665654,224.02,0.10824927,1
1505670465,21665628,224.39,0.19818709,0
1505670444,21665594,224.40,10.00000000,0
