date,tid,price,amount,type
1505692855,21687796,257.98,0.32001656,0
1505692848,21687792,258.69,7.27574840,0
1505692848,21687791,258.51,0.05000000,0
1505692848,21687790,258.23,0.07334679,0
1505692848,21687789,258.21,0.05000000,0
1505692848,21687788,258.07,0.32111191,0
1505692848,21687787,258.06,0.50000000,0
1505692848,21687786,258.02,0.18643525,0
1505692847,21687785,258.02,0.02359268,0
1505692847,21687784,258.02,0.11091849,0
1505692847,21687783,258.01,0.32168747,0
1505692847,21687782,258.00,8.34192326,0
1505692847,21687781,257.89,0.32210493,0
1505692847,21687780,257.68,0.07334676,0
1505692846,21687779,257.68,0.00000321,0
1505692846,21687778,257.62,0.07351797,0
1505692846,21687777,257.59,0.39000000,0
1505692846,21687775,257.03,1.60148203,0
1505692846,21687774,256.85,0.27314580,0
1505692839,21687772,256.85,0.05000000,1
1505692838,21687770,257.03,0.26500000,0
1505692837,21687768,257.08,0.07351797,1
1505692836,21687765,257.68,0.07334679,1
1505692834,21687762,258.00,1.65807674,0
1505692834,21687761,257.96,0.05000000,0
1505692834,21687760,257.91,0.32106196,0
1505692834,21687759,257.82,0.07346082,0
1505692834,21687758,257.82,0.07346082,0
1505692834,21687757,257.76,0.05000000,0
1505692834,21687756,257.61,0.05000000,0
1505692834,21687755,257.60,0.48000000,0
1505692834,21687754,257.46,1.02000000,0
1505692833,21687753,257.43,0.05233966,0
1505692833,21687752,257.05,2.40000000,0
1505692833,21687750,257.04,11.77370000,0
1505692828,21687748,257.04,0.75430000,0
1505692823,21687747,257.05,0.05000000,1
1505692806,21687741,257.08,0.48930000,0
1505692806,21687740,257.08,0.26500000,0
1505692785,21687723,257.10,0.48930000,0
1505692780,21687722,257.12,0.05000000,0
1505692722,21687709,257.21,4.09000000,0
1505692697,21687700,257.25,9.50669842,0
1505692696,21687699,257.24,0.08867258,0
1505692692,21687695,257.27,7.54683362,0
1505692692,21687694,257.26,2.85000000,0
1505692681,21687689,257.27,9.59537100,0
1505692658,21687684,257.33,19.35888300,0
1505692654,21687683,256.71,0.08867258,1
1505692638,21687678,257.37,1.05053901,0
1505692636,21687677,257.37,0.49800000,0
1505692635,21687676,257.37,17.81034418,0
1505692635,21687675,257.37,0.32335982,0
1505692635,21687674,257.36,0.31000000,0
1505692615,21687667,257.39,19.80070383,0
1505692615,21687666,257.22,0.07363254,0
1505692615,21687665,257.21,0.11790664,0
1505692599,21687663,256.55,0.07363254,0
1505692599,21687662,256.55,0.07346082,0
1505692598,21687661,257.43,14.02821337,0
1505692597,21687660,256.56,0.08278663,0
1505692586,21687658,256.00,4.40255452,1
1505692586,21687657,256.02,0.05233966,1
1505692586,21687656,256.08,0.08278663,1
1505692586,21687655,256.09,0.26500000,1
1505692586,21687654,256.09,4.91804000,1
1505692582,21687653,257.45,3.88366105,0
1505692582,21687652,257.32,0.05000000,0
1505692582,21687651,257.22,0.07363254,0
1505692582,21687650,257.17,0.05000000,0
1505692582,21687649,256.96,0.05212310,0
1505692582,21687648,256.62,0.02378006,0
1505692582,21687647,256.57,0.02167268,0
1505692582,21687646,256.57,0.05916143,0
1505692580,21687644,256.01,0.32420600,1
1505692575,21687643,256.08,0.02167268,1
1505692575,21687641,256.08,0.05916143,1
1505692572,21687638,256.62,0.05002500,0
1505692571,21687637,256.61,0.26400000,0
1505692567,21687632,256.01,0.32421875,1
1505692564,21687629,256.01,3.71000000,1
1505692564,21687628,256.08,0.07380506,1
1505692564,21687627,256.10,0.31000000,1
1505692564,21687626,256.16,0.05000000,1
1505692559,21687612,256.41,0.05000000,1
1505692559,21687611,256.61,0.05000000,1
1505692559,21687610,256.68,0.07363254,1
1505692558,21687609,256.70,0.05212310,1
1505692557,21687608,256.74,0.04994443,1
1505692556,21687607,256.79,0.26400000,1
1505692555,21687604,256.74,1.30267997,1
1505692555,21687603,256.76,0.05000000,1
1505692554,21687597,257.70,1.61673000,0
1505692553,21687595,257.70,0.48270100,0
1505692548,21687591,257.68,2.86231500,0
1505692537,21687581,256.77,7.02531462,1
1505692536,21687579,257.79,3.87070400,0
1505692533,21687574,257.80,0.48270190,0
1505692533,21687573,257.59,0.26470840,0
1505692514,21687554,256.74,0.95494801,1
1505692513,21687550,256.74,3.87070400,1
1505692502,21687539,257.59,0.24529160,0
1505692502,21687538,257.56,0.05197586,0
1505692502,21687537,257.55,2.73000000,0
1505692502,21687536,257.22,0.07363254,0
1505692502,21687535,257.19,0.05000000,0
1505692502,21687533,257.10,0.31050000,0
1505692497,21687531,257.11,0.98624476,0
1505692497,21687530,257.09,0.26400000,0
1505692491,21687525,257.10,4.40120424,0
1505692487,21687524,256.25,0.98277839,0
1505692482,21687521,256.31,0.26400000,1
1505692474,21687518,257.18,3.20533300,0
1505692474,21687517,256.84,1.18000000,0
1505692471,21687515,256.32,0.62020000,0
1505692463,21687505,256.34,3.28947500,0
1505692452,21687493,256.92,4.38533300,0
1505692441,21687490,256.91,2.23901500,0
1505692406,21687459,257.05,1.05046638,0
1505692392,21687456,256.70,2.33735848,0
1505692392,21687455,256.68,0.07363252,0
1505692384,21687441,256.60,3.34711400,0
1505692384,21687440,256.59,5.51300800,0
1505692384,21687439,256.59,2.14699200,0
1505692383,21687437,256.58,0.26400000,0
1505692360,21687417,256.09,0.06046657,1
1505692358,21687414,256.10,6.80098944,0
1505692358,21687413,256.29,0.05000000,1
1505692358,21687412,256.32,0.31050000,1
1505692357,21687411,256.59,0.00000254,1
1505692356,21687406,256.59,0.04999746,1
1505692356,21687405,256.68,0.07363254,1
1505692347,21687393,256.70,0.26400000,1
1505692344,21687391,256.84,1.17060000,0
1505692344,21687390,256.84,0.05000000,1
1505692344,21687389,256.85,0.05197586,1
1505692334,21687384,256.85,0.07346082,0
1505692332,21687381,257.04,0.05000000,1
1505692332,21687380,257.19,0.00025000,1
1505692331,21687378,257.59,0.13757360,0
1505692331,21687377,257.23,0.07324295,0
1505692331,21687376,257.21,0.05189745,0
1505692330,21687373,257.19,0.04975000,1
1505692324,21687371,257.12,3.08510800,0
1505692302,21687367,257.20,0.33152418,0
1505692302,21687366,257.19,0.26300000,0
1505692302,21687365,257.19,0.30910000,0
1505692302,21687364,257.19,0.32335982,0
1505692297,21687363,257.19,3.71588144,0
1505692297,21687362,256.62,0.07341456,0
1505692295,21687358,256.00,0.32421875,1
1505692294,21687357,256.00,0.32421875,1
1505692292,21687356,256.00,0.02295755,1
1505692292,21687355,256.08,0.07341456,1
1505692292,21687354,256.53,0.32106196,1
1505692292,21687353,256.63,0.32168747,1
1505692291,21687352,256.64,0.21002793,1
1505692289,21687349,256.64,0.11091849,1
1505692284,21687346,256.66,0.05189745,1
1505692284,21687344,256.68,0.07324295,1
1505692282,21687342,256.69,3.78929612,1
1505692282,21687341,256.69,0.83140079,1
1505692275,21687339,256.79,0.38008597,1
1505692271,21687335,257.75,5.58419100,0
1505692269,21687327,256.78,0.04585303,1
1505692266,21687323,257.77,0.15670700,0
1505692265,21687322,256.78,0.21714697,1
1505692259,21687320,256.79,1.16981774,1
1505692252,21687317,257.86,0.21759079,0
1505692252,21687316,257.86,5.36660000,0
1505692236,21687311,257.92,0.01944890,0
1505692235,21687310,257.92,3.03809800,0
1505692232,21687308,257.95,2.50358700,0
1505692225,21687305,256.67,0.15881342,1
1505692225,21687304,258.01,0.31990496,0
1505692224,21687300,258.03,5.80321114,0
1505692224,21687299,257.23,0.26300000,0
1505692223,21687298,257.23,0.07324295,0
1505692217,21687292,256.65,0.32353831,1
1505692217,21687291,256.68,0.07324295,1
1505692216,21687290,256.69,0.32111191,1
1505692214,21687289,257.00,2.71363581,1
1505692211,21687288,257.03,0.26300000,1
1505692210,21687286,257.04,2.71363600,1
1505692196,21687272,257.01,1.83730500,1
1505692195,21687266,257.00,1.96308800,1
1505692194,21687263,257.00,0.32327619,1
1505692192,21687262,258.47,0.87008469,0
1505692192,21687261,257.10,0.00005022,0
1505692184,21687254,258.49,0.31938517,0
1505692183,21687252,258.51,4.14697459,0
1505692183,21687250,258.51,0.58254274,0
1505692182,21687248,258.50,5.04770131,0
1505692182,21687247,258.50,0.32278136,0
1505692182,21687246,257.16,7.33684620,1
1505692182,21687245,257.14,0.71120934,0
1505692181,21687244,257.14,0.00010536,1
1505692180,21687241,257.14,0.32348138,1
1505692179,21687240,258.51,6.77145726,0
1505692178,21687239,258.51,0.32358674,0
1505692165,21687236,258.57,3.20944111,0
1505692164,21687235,258.57,16.78270000,0
1505692156,21687232,258.59,2.28330000,0
1505692152,21687231,258.60,2.99793900,0
1505692148,21687227,258.61,10.66070800,0
1505692135,21687222,258.64,1.19337611,0
1505692135,21687221,258.64,2.67092344,0
1505692135,21687220,258.63,2.48912256,0
1505692134,21687217,258.64,7.86665900,0
1505692133,21687215,258.64,5.77206000,0
1505692123,21687213,258.67,1.04351749,0
1505692122,21687212,258.67,1.27166839,0
1505692122,21687211,258.67,2.20845500,0
1505692120,21687209,258.69,0.71131470,0
1505692118,21687208,258.69,15.46850000,0
1505692114,21687205,256.12,0.28730960,1
1505692113,21687204,256.12,0.32406684,1
1505692113,21687202,256.12,0.43096471,1
1505692113,21687201,258.71,0.81169034,0
1505692113,21687200,258.70,0.16000000,0
1505692113,21687199,257.92,0.07182738,0
1505692111,21687198,256.12,0.01496684,1
1505692111,21687197,256.12,0.30910000,1
1505692109,21687193,256.11,1.02527695,1
1505692109,21687189,258.72,0.31904756,1
1505692109,21687188,257.92,0.00000260,0
1505692108,21687187,257.92,0.07182740,1
1505692107,21687184,258.73,3.14991665,0
1505692107,21687183,258.61,0.05000000,0
1505692106,21687182,258.48,0.07182740,0
1505692106,21687181,258.16,0.05000000,0
1505692106,21687180,257.76,0.05000000,0
1505692106,21687179,257.41,0.05000000,0
1505692106,21687178,257.11,0.05000000,0
1505692106,21687177,256.86,0.05000000,0
1505692106,21687176,256.66,0.05000000,0
1505692106,21687175,256.51,0.05000000,0
1505692104,21687174,258.73,3.82143432,0
1505692104,21687173,258.72,0.20000000,0
1505692104,21687172,257.62,0.17808636,0
1505692104,21687171,257.57,0.32037893,0
1505692104,21687170,257.55,1.10314392,0
1505692104,21687169,257.54,0.31000000,0
1505692104,21687168,257.53,1.02000000,0
1505692102,21687167,257.52,0.71827431,0
1505692102,21687166,257.52,6.50085500,0
1505692101,21687165,257.52,1.79878525,0
1505692101,21687164,256.62,0.07419556,0
1505692100,21687163,255.82,0.26400000,0
1505692098,21687161,256.08,0.07419556,1
1505692091,21687159,256.11,0.46275582,1
1505692087,21687158,256.10,0.26400000,1
1505692083,21687154,257.58,5.92745317,0
1505692083,21687153,257.57,0.32049390,0
1505692082,21687152,257.58,13.72749238,0
1505692082,21687151,256.62,0.07419556,0
1505692081,21687150,256.61,0.26300000,0
1505692076,21687148,256.05,1.10314392,1
1505692076,21687147,256.08,0.07419556,1
1505692076,21687146,256.24,0.17808636,1
1505692072,21687137,257.92,2.78099567,0
1505692072,21687135,257.92,0.58310001,0
1505692070,21687132,257.62,0.17631856,1
1505692067,21687130,256.24,0.14408748,0
1505692066,21687129,256.25,0.26300000,0
1505692066,21687127,256.25,0.31000000,1
1505692064,21687124,256.26,0.32453104,1
1505692048,21687114,257.99,0.03518949,0
1505692045,21687113,258.01,8.22000000,0
1505692045,21687112,258.00,0.25000000,0
1505692045,21687111,258.00,1.26000000,0
1505692039,21687105,258.03,10.22699000,0
1505692037,21687103,258.03,2.18369300,0
1505692037,21687102,257.79,0.51000000,0
1505692033,21687096,258.03,0.31991654,0
1505692029,21687095,257.43,0.71708748,0
1505692028,21687094,259.16,0.14353438,0
1505692028,21687093,259.14,0.00000389,0
1505692028,21687092,259.14,0.32026546,0
1505692028,21687091,259.02,0.07389353,0
1505692028,21687090,258.79,0.32050121,0
1505692027,21687089,258.78,0.32053520,0
1505692027,21687088,258.73,0.05000000,0
1505692027,21687087,258.61,0.32095532,0
1505692027,21687086,258.61,0.32055086,0
1505692027,21687084,258.57,0.29395266,0
1505692027,21687082,258.49,0.32110549,0
1505692027,21687081,258.28,0.05000000,0
1505692027,21687080,258.27,0.31000000,0
1505692026,21687079,257.88,0.05000000,0
1505692026,21687078,257.57,0.51000000,0
1505692026,21687077,257.56,1.55000000,0
1505692026,21687076,257.44,0.13980000,0
1505692025,21687075,257.44,1.98765000,0
1505691999,21687066,256.02,0.32419342,1
1505691998,21687065,256.03,0.21715083,1
1505691998,21687064,257.10,0.00011668,1
1505691991,21687062,257.54,19.66934791,0
1505691991,21687061,257.18,0.32283158,0
1505691989,21687056,257.10,1.99988332,1
1505691974,21687049,257.22,1.05872371,0
1505691974,21687048,257.21,5.30861729,0
1505691974,21687046,257.21,3.65638271,0
1505691974,21687045,257.20,7.66000000,0
1505691974,21687044,257.10,0.18889451,0
1505691973,21687043,257.10,0.32110549,0
1505691964,21687036,257.87,9.99043536,0
1505691964,21687035,257.53,0.05000000,0
1505691964,21687034,257.51,0.50000000,0
1505691964,21687033,257.23,0.05000000,0
1505691964,21687032,257.00,0.32250305,0
1505691964,21687030,256.98,0.05000000,0
1505691964,21687029,256.94,0.53000000,0
1505691963,21687028,256.78,0.05000000,0
1505691963,21687027,256.77,1.11635608,0
1505691963,21687026,256.77,6.54364392,0
1505691963,21687025,256.77,0.78924108,0
1505691957,21687021,256.77,1.69075892,0
1505691957,21687020,256.63,0.05000000,0
1505691957,21687019,256.25,0.68456595,0
1505691956,21687018,256.25,1.16661200,0
1505691956,21687017,256.25,5.17858400,0
1505691956,21687016,256.25,1.34598014,0
1505691956,21687015,256.23,1.06571686,0
1505691955,21687014,256.21,1.15000000,0
1505691955,21687013,256.21,6.50778000,0
1505691954,21687010,256.21,1.15222000,0
1505691935,21686995,256.24,13.36503664,0
1505691932,21686994,255.49,0.24644016,0
1505691931,21686993,255.49,6.38074107,0
1505691928,21686992,255.49,1.06571686,1
1505691928,21686991,255.50,0.21354207,1
1505691928,21686990,256.25,5.34425791,0
1505691927,21686989,256.16,0.03664861,0
1505691927,21686988,256.14,0.32413012,0
1505691927,21686987,256.04,7.66000000,0
1505691902,21686976,256.10,1.65167000,0
1505691894,21686975,255.51,0.12198285,1
1505691892,21686974,256.12,1.02629948,0
1505691891,21686973,256.12,0.26290052,0
1505691889,21686972,255.50,0.33766748,1
1505691889,21686970,255.50,0.67595179,1
1505691883,21686966,255.62,0.05000000,1
1505691883,21686965,255.87,0.05000000,1
1505691883,21686964,256.07,0.05000000,1
1505691882,21686961,256.15,0.33766705,0
1505691881,21686960,256.15,1.26400317,0
1505691881,21686958,256.15,0.05000000,0
1505691874,21686956,256.16,1.06296000,0
1505691874,21686955,256.17,1.28920000,0
1505691868,21686952,256.19,3.20000000,0
1505691868,21686951,256.19,7.92117519,0
1505691868,21686950,256.02,0.00172533,0
1505691867,21686949,255.48,0.00172533,1
1505691867,21686948,255.50,1.09960861,1
1505691867,21686947,255.58,0.32250305,1
1505691824,21686941,256.23,0.42665833,0
1505691824,21686940,256.23,0.82000000,0
1505691824,21686939,256.23,0.83807067,0
1505691814,21686935,255.61,0.26290052,1
1505691787,21686934,256.23,0.58192933,0
1505691787,21686933,256.23,2.02944909,0
1505691782,21686931,256.23,3.38880000,0
1505691775,21686923,256.23,0.82506300,0
1505691775,21686922,256.23,1.41668791,0
1505691775,21686921,256.23,2.08331209,0
1505691758,21686913,256.22,1.05337763,0
1505691757,21686911,256.23,18.94268791,0
1505691686,21686889,256.25,0.95727367,0
1505691686,21686888,256.10,0.05000000,0
1505691686,21686887,255.95,0.05000000,0
1505691648,21686873,256.34,2.00000000,0
1505691642,21686866,255.55,2.07404400,1
1505691627,21686853,258.57,0.02704688,0
1505691627,21686852,258.46,0.04827050,0
1505691627,21686851,258.46,0.27286925,0
1505691626,21686850,258.42,0.07406546,0
1505691626,21686849,258.37,0.18105158,0
1505691626,21686848,258.37,0.10530525,0
1505691626,21686847,258.37,0.03480790,0
1505691626,21686845,257.89,0.19813662,0
1505691626,21686844,257.89,0.12371655,0
1505691626,21686843,257.82,0.07423818,0
1505691626,21686842,257.76,0.32119543,0
1505691625,21686841,257.72,0.32112440,0
1505691625,21686840,257.68,0.19641158,0
1505691625,21686839,257.68,0.12570263,0
1505691625,21686838,257.44,0.13340546,0
1505691625,21686837,257.12,0.44000000,0
1505691624,21686836,256.60,2.07404400,0
1505691624,21686835,257.44,0.16491973,0
1505691624,21686834,257.39,0.20052445,0
1505691624,21686833,257.38,0.04909371,0
1505691623,21686832,257.34,0.07290059,0
1505691623,21686831,257.33,0.11871864,0
1505691623,21686830,257.33,0.16226648,0
1505691623,21686829,257.33,0.18977096,0
1505691623,21686828,257.22,0.07441172,0
1505691623,21686827,257.12,6.15000000,0
1505691623,21686825,256.62,0.07458607,0
1505691623,21686823,256.61,2.18000000,0
1505691623,21686822,256.41,0.54000000,0
1505691622,21686821,256.07,0.26300000,0
1505691622,21686820,256.01,0.07515265,0
1505691619,21686812,255.87,4.92936729,0
1505691609,21686787,255.11,1.17561234,1
1505691609,21686785,255.12,1.58039312,1
1505691608,21686776,255.12,0.32533709,1
1505691604,21686757,255.24,0.32375715,0
1505691602,21686756,255.24,0.07000000,1
1505691602,21686755,255.49,0.23000000,1
1505691601,21686754,255.24,0.25202104,1
1505691601,21686753,255.48,0.07515265,1
1505691388,21686571,255.87,0.26300000,1
1505691388,21686570,255.89,0.23000000,1
1505691314,21686546,255.99,2.00000000,0
1505691247,21686532,256.02,15.78700000,0
1505691247,21686531,256.01,0.21300000,0
1505691240,21686529,256.01,0.05000000,1
1505690995,21686420,256.02,1.15699194,1
1505690995,21686419,256.03,4.38781331,1
1505690995,21686418,256.25,0.05000000,1
1505690995,21686417,256.45,0.05000000,1
1505690980,21686414,256.59,0.05000000,0
1505690962,21686401,255.87,0.32438347,1
1505690960,21686400,256.61,6.91900000,1
1505690956,21686392,256.61,0.32344803,1
1505690954,21686389,256.02,0.07476123,0
1505690902,21686378,255.70,0.32459913,1
1505690899,21686377,255.71,0.32459913,1
1505690897,21686376,255.10,1.50000000,1
1505690897,21686375,255.10,2.64571585,1
1505690897,21686374,255.19,0.31098440,1
1505690896,21686373,255.20,0.65000000,1
1505690896,21686372,255.39,0.05000000,1
1505690896,21686371,255.48,0.07476123,1
1505690896,21686370,255.58,0.27286925,1
1505690895,21686368,255.58,0.05000000,1
1505690895,21686367,255.69,0.05000000,1
1505690895,21686366,255.70,3.25000000,1
1505690895,21686365,255.77,0.32291950,1
1505690894,21686364,255.85,0.32266842,1
1505690894,21686363,255.94,0.05000000,1
1505690894,21686362,256.00,1.00000000,1
1505690893,21686361,256.08,0.07458607,1
1505690893,21686360,256.12,0.00006157,1
1505690893,21686359,256.12,0.27225600,1
1505690893,21686358,256.12,0.05000000,1
1505690893,21686357,256.14,0.05000000,1
1505690892,21686356,256.18,0.05075991,1
1505690892,21686355,256.27,0.20000000,1
1505690892,21686354,256.29,0.05000000,1
1505690891,21686352,256.40,0.20241780,1
1505690738,21686283,256.35,6.90880913,1
1505690691,21686254,256.30,0.35237381,1
1505690690,21686253,256.45,0.26300000,1
1505690690,21686252,256.45,0.05000000,1
1505690648,21686217,256.58,2.00000000,1
1505690625,21686203,257.08,1.75342305,1
1505690601,21686188,256.57,1.63662816,0
1505690601,21686187,256.65,0.05000000,1
1505690601,21686186,256.68,0.07441172,1
1505690585,21686141,256.80,0.05000000,1
1505690413,21686046,256.81,1.09691900,1
1505690412,21686045,256.78,1.28000000,1
1505690283,21685986,256.70,1.01568582,1
1505690249,21685963,257.08,7.66000000,0
1505690227,21685918,257.23,0.28000000,0
1505690226,21685917,257.23,7.38000000,0
1505690226,21685916,257.00,0.28000000,0
1505690225,21685915,257.24,6.10000000,0
1505690225,21685914,257.01,1.28000000,0
1505690225,21685913,257.01,0.28000000,0
1505690223,21685912,257.25,7.38000000,0
1505690222,21685910,257.25,0.28000000,0
1505690221,21685905,257.25,7.38612284,0
1505690221,21685904,257.22,0.07441172,0
1505690221,21685903,256.27,0.19946544,0
1505690219,21685899,256.27,0.05000000,1
1505690219,21685898,256.68,0.07441172,1
1505690217,21685897,257.03,11.93000000,1
1505690217,21685896,257.26,19.29880276,1
1505690216,21685895,257.22,0.07441172,0
1505690216,21685894,257.22,0.32291950,1
1505690216,21685893,257.21,0.32089696,0
1505690216,21685892,257.19,0.23689540,0
1505690215,21685891,257.03,0.05000000,0
1505690215,21685890,256.83,0.05000000,0
1505690215,21685889,256.83,6.17000000,1
1505690214,21685888,256.68,0.05000000,0
1505690214,21685885,256.63,1.91000000,0
1505690214,21685882,256.29,0.23172987,0
1505690212,21685881,256.28,0.27386452,0
1505689983,21685826,256.28,0.05000000,1
1505689969,21685816,256.29,0.22999542,1
1505689968,21685814,256.30,0.19641158,1
1505689968,21685813,256.34,0.32112440,1
1505689968,21685810,256.36,0.32119543,1
1505689968,21685808,256.58,0.05000000,1
1505689914,21685767,256.83,0.05000000,1
1505689855,21685740,257.01,0.05000000,0
1505689855,21685739,257.01,0.05000000,0
1505689785,21685686,257.19,0.32099954,0
1505689783,21685684,257.20,0.32095532,0
1505689780,21685678,256.30,0.20012270,1
1505689778,21685675,256.32,1.15909749,0
1505689778,21685674,256.32,0.05000000,1
1505689778,21685673,256.50,0.06279548,1
1505689778,21685672,256.50,0.20670971,1
1505689778,21685671,256.50,0.05234993,1
1505689777,21685670,256.62,0.05000000,1
1505689777,21685669,256.65,0.01025626,1
1505689777,21685668,256.65,0.31179868,1
1505689777,21685667,256.68,0.07441172,1
1505689777,21685665,256.79,0.00196697,1
1505689777,21685663,256.79,0.00197391,1
1505689777,21685661,256.79,0.31973151,1
1505689777,21685660,256.79,0.00173834,1
1505689776,21685658,256.79,0.31771358,1
1505689776,21685656,256.83,0.52000000,1
1505689776,21685655,256.87,0.05000000,1
1505689776,21685654,256.97,0.32138155,1
1505689760,21685637,256.98,0.02344317,0
1505689760,21685636,256.98,0.28635683,1
1505689755,21685634,256.98,0.03480790,1
1505689743,21685624,257.07,0.04827050,1
1505689733,21685615,257.07,0.05000000,1
1505689730,21685607,257.19,0.08401397,1
1505689729,21685601,257.19,0.23689540,1
1505689729,21685599,257.21,0.32089696,1
1505689729,21685597,257.22,0.05000000,1
1505689729,21685596,257.23,0.32055086,1
1505689685,21685556,257.54,1.24000000,0
1505689598,21685463,257.23,0.32266842,1
1505689586,21685459,257.23,0.56012247,1
1505689586,21685458,257.27,0.00212828,1
1505689586,21685457,257.27,0.31875627,1
1505689586,21685456,257.28,0.07423818,1
1505689585,21685455,257.29,0.30980000,1
1505689585,21685454,257.33,0.32050121,1
1505689585,21685453,257.38,0.20101300,1
1505689585,21685452,257.39,0.32053520,1
1505689569,21685438,257.40,5.00000000,1
1505689550,21685422,257.61,0.05000000,1
1505689525,21685415,257.63,0.16426768,0
1505689511,21685408,257.62,0.08307840,1
1505689511,21685407,257.81,0.05000000,1
1505689511,21685406,257.88,0.07406546,1
1505689498,21685401,257.90,0.16426768,1
1505689498,21685400,257.91,0.31944013,1
1505689498,21685399,257.94,0.29832519,1
1505689498,21685398,257.96,0.05000000,1
1505689487,21685390,258.00,0.38047800,1
1505689307,21685355,257.97,4.92610647,1
1505689307,21685354,258.48,0.07389353,1
1505689210,21685340,258.76,0.20101300,0
1505689204,21685338,258.77,0.29735607,0
1505689204,21685337,258.64,0.05234993,0
1505689200,21685335,258.62,2.68817800,0
1505689199,21685334,258.23,0.00196697,0
1505689199,21685333,258.21,0.00197391,0
1505689177,21685331,258.01,0.77864938,0
1505688936,21685288,258.00,0.00000500,1
1505688936,21685287,258.01,0.22999500,1
1505688766,21685250,257.67,2.56910602,0
1505688766,21685248,257.67,0.09212201,0
1505688766,21685246,257.62,0.09300697,0
1505688720,21685240,257.62,0.22720543,0
1505688720,21685238,257.51,0.00006157,0
1505688702,21685234,257.51,0.27225600,0
1505688644,21685216,257.49,1.86228591,0
1505688637,21685207,257.51,0.05000000,1
1505688627,21685191,257.61,0.00174668,1
1505688627,21685190,257.61,0.31863005,1
1505688627,21685189,257.62,0.32021244,1
1505688620,21685182,257.63,0.00000389,1
1505688619,21685181,257.63,0.32026546,1
1505688615,21685175,257.64,1.26613564,1
1505688614,21685170,257.64,1.26611142,1
1505688573,21685161,257.66,0.05000000,0
1505688408,21685118,257.67,0.22999542,1
1505688406,21685116,257.63,0.00000458,0
1505688405,21685115,257.63,0.00184543,1
1505688405,21685114,257.63,0.09194999,1
1505688405,21685113,257.66,0.23000000,1
1505688378,21685085,258.02,0.95729269,0
1505688370,21685081,258.02,0.26100000,0
1505688334,21685062,258.00,0.23000000,1
1505688301,21685045,257.63,0.22656894,1
1505688301,21685044,257.68,0.00171889,1
1505688301,21685043,257.68,0.31865784,1
1505688301,21685042,257.69,0.09963963,1
1505688301,21685041,257.69,0.22070000,1
1505688301,21685040,257.71,0.05003661,1
1505688301,21685039,257.78,0.26100000,1
1505688300,21685038,257.88,0.04777609,1
1505688180,21684949,257.88,0.06279548,0
1505688180,21684948,257.88,0.20670971,0
1505688178,21684946,257.88,0.05234993,1
1505688174,21684941,257.71,0.22593669,1
1505688174,21684940,257.71,0.04442816,1
1505688173,21684939,257.93,0.02133148,1
1505688173,21684938,257.93,0.29900815,1
1505688173,21684937,258.00,0.12810458,1
1505688171,21684933,258.24,0.23000000,0
1505688170,21684932,258.24,0.31966238,0
1505688169,21684930,258.41,0.38096000,0
1505688164,21684913,258.44,0.27936588,1
1505688121,21684874,258.44,0.04000000,1
1505688073,21684844,258.55,0.17849546,1
1505688060,21684836,258.55,0.20520908,1
1505688060,21684834,258.62,0.10928592,1
1505688013,21684816,258.67,0.21239418,1
1505687966,21684780,259.15,2.48261624,0
1505687720,21684564,259.07,2.02054500,1
1505687586,21684473,258.94,0.00000500,0
1505687522,21684459,258.94,0.22999500,0
1505687486,21684449,258.77,0.08273997,1
1505687384,21684386,258.70,0.20672500,0
1505687352,21684379,258.64,0.08574325,0
1505687351,21684377,258.64,0.00000004,1
1505687349,21684372,258.64,0.26919990,1
1505687349,21684371,258.66,0.00073210,1
1505687336,21684362,258.66,0.14568727,1
1505687335,21684360,258.69,0.50672495,0
1505687332,21684352,258.66,0.17017318,1
1505687250,21684329,258.99,0.68799907,0
1505687117,21684266,258.85,7.61000000,1
1505687117,21684265,258.99,0.05000000,1
1505686934,21684049,259.00,0.39061491,0
1505686930,21684028,259.00,0.53669277,0
1505686928,21684016,259.00,3.42499806,0
1505686927,21684009,259.05,0.26857995,1
1505686927,21684008,259.06,0.31848341,1
1505686927,21684006,259.07,0.48712703,1
1505686927,21684004,259.08,0.16226648,1
1505686927,21684003,259.10,0.11871864,1
1505686926,21684002,259.12,0.07290059,1
1505686926,21684000,259.15,3.74000000,1
1505686926,21683998,259.30,0.04909371,1
1505686926,21683997,259.32,0.20052445,1
1505686926,21683996,259.34,0.23000000,1
1505686858,21683689,260.09,0.31740770,1
1505686851,21683666,260.09,0.41729142,0
1505686851,21683664,260.03,0.05000000,0
1505686851,21683663,260.01,0.20993871,0
1505686851,21683662,260.00,0.27848255,0
1505686839,21683616,260.00,0.30000000,0
1505686839,21683615,260.00,0.45000000,0
1505686839,21683614,260.00,0.30000000,0
1505686839,21683613,259.98,0.31613121,0
1505686835,21683592,259.98,0.00141713,0
1505686835,21683591,259.98,0.31593742,0
1505686830,21683569,259.98,0.00158774,1
1505686830,21683564,259.98,0.31596061,1
1505686828,21683558,260.00,0.04000000,0
1505686828,21683556,260.00,0.05000000,0
1505686827,21683554,259.98,0.31925760,0
1505686820,21683512,259.93,0.31932571,0
1505686820,21683511,259.92,0.75900000,0
1505686819,21683510,259.92,0.04899426,0
1505686762,21683311,259.92,0.07100574,0
1505686762,21683309,259.92,0.00164927,0
1505686756,21683290,259.92,0.11835073,0
1505686755,21683284,259.74,0.05000000,1
1505686750,21683272,259.89,0.05000000,1
1505686750,21683268,259.92,0.12000000,0
1505686750,21683267,259.92,0.04174668,0
1505686750,21683265,259.91,0.31936588,0
1505686744,21683248,259.90,0.57785365,0
1505686743,21683246,259.90,2.98248713,0
1505686743,21683244,259.90,0.48555797,0
1505686739,21683226,259.90,0.20007696,0
1505686737,21683222,259.86,0.05000000,0
1505686737,21683221,259.85,0.00173834,0
1505686737,21683220,259.82,3.97236951,0
1505686733,21683207,259.82,3.41840000,0
1505686732,21683203,259.82,0.68219130,0
1505686732,21683202,259.82,0.26775025,0
1505686732,21683199,259.82,0.26771720,0
1505686731,21683197,259.08,0.00184543,0
1505686731,21683196,259.07,0.00171889,0
1505686711,21683120,259.82,0.00000026,1
1505686710,21683114,259.82,0.26775000,1
1505686709,21683110,259.82,0.05000000,0
1505686701,21683064,259.24,0.00342817,1
1505686700,21683060,259.24,0.68220676,1
1505686694,21683039,259.24,0.12000000,1
1505686684,21682999,259.24,0.12000000,1
1505686676,21682980,259.24,0.12000000,1
1505686664,21682962,259.24,0.04000000,1
1505686655,21682944,259.30,0.08000000,1
1505686647,21682929,259.30,1.12819500,1
1505686588,21682831,259.30,0.16000000,1
1505686577,21682817,259.70,0.23998844,1
1505686576,21682816,259.70,0.05000000,0
1505686556,21682787,259.61,0.02307576,1
1505686550,21682774,259.62,6.58107412,1
1505686547,21682768,259.61,0.03999016,1
1505686547,21682767,259.69,0.00000984,1
1505686524,21682731,259.69,0.26789630,1
1505686517,21682726,259.69,0.05000000,0
1505686508,21682698,259.61,0.06482464,0
1505686508,21682697,259.59,0.09123573,0
1505686507,21682696,259.10,0.09963963,0
1505686498,21682662,259.07,0.00174668,1
1505686492,21682641,259.10,0.22070000,1
1505686492,21682639,259.59,0.22056295,0
1505686491,21682638,259.59,0.00794521,0
1505686491,21682637,259.55,0.02719184,0
1505686490,21682630,259.55,0.00000146,1
1505686489,21682626,259.55,0.19166000,1
1505686487,21682620,259.55,0.12641934,0
1505686482,21682614,259.55,0.07358066,0
1505686482,21682613,259.54,0.08000000,0
1505686482,21682610,259.46,0.05000000,0
1505686482,21682609,259.45,0.05000000,0
1505686482,21682608,259.39,0.00184849,0
1505686471,21682590,259.37,0.05000000,0
1505686471,21682589,259.34,0.24542490,0
1505686470,21682588,259.34,0.07462687,0
1505686470,21682587,259.33,0.00197082,0
1505686470,21682584,259.32,0.02133148,0
1505686470,21682583,259.32,0.29900815,0
1505686462,21682567,259.33,0.00001622,0
1505686461,21682562,259.30,0.71879284,1
1505686461,21682560,259.30,0.05000000,0
1505686461,21682559,259.30,0.05000000,0
1505686460,21682558,259.30,0.80000000,0
1505686459,21682552,259.29,0.05000000,0
1505686459,21682551,259.27,0.01073792,0
1505686459,21682548,259.27,0.30939999,0
1505686458,21682547,259.10,0.27597330,0
1505686416,21682490,259.11,0.04617532,0
1505686416,21682489,259.11,0.32032979,0
1505686407,21682470,259.05,0.05000000,0
1505686405,21682463,259.01,0.31972542,0
1505686405,21682462,258.94,0.05000000,0
1505686405,21682461,258.93,0.00249022,0
1505686404,21682460,258.78,0.32089696,0
1505686388,21682427,258.93,0.31731560,0
1505686388,21682426,258.92,0.00989407,0
1505686388,21682425,258.92,0.31067526,0
1505686388,21682424,258.79,0.00059558,0
1505686377,21682395,258.69,0.12517720,0
1505686377,21682393,258.69,0.05000000,0
1505686377,21682392,258.69,0.14567052,0
1505686377,21682391,258.68,0.08401397,0
1505686377,21682390,258.68,0.23689540,0
1505686364,21682360,258.64,0.05000000,0
1505686354,21682339,258.62,0.03619603,0
1505686354,21682338,258.62,0.07480131,0
1505686354,21682337,258.60,0.32020555,0
1505686354,21682336,258.57,0.83986648,0
1505686345,21682299,258.57,1.16133073,0
1505686342,21682281,258.57,0.31925760,0
1505686338,21682249,258.50,2.64976201,1
1505686338,21682248,258.42,0.05000000,0
1505686338,21682247,258.39,0.05000000,0
1505686337,21682246,258.37,0.00184044,0
1505686337,21682244,258.36,0.32138155,0
1505686329,21682225,258.26,0.32112076,0
1505686329,21682223,258.19,0.01025626,0
1505686327,21682220,258.20,0.00794521,0
1505686324,21682213,258.20,0.04205479,0
1505686320,21682199,258.20,0.04353155,0
1505686320,21682197,258.19,0.05000000,0
1505686320,21682196,258.05,0.05000000,0
1505686319,21682195,257.95,0.32177202,0
1505686319,21682194,257.88,0.32185950,0
1505686315,21682190,257.82,0.07462687,0
1505686312,21682180,257.81,1.06910463,0
1505686295,21682140,257.79,0.05000000,1
1505686287,21682101,257.81,0.02431120,0
1505686280,21682066,257.80,6.24652342,0
1505686280,21682065,257.80,1.09341600,0
1505686278,21682058,257.80,0.32006058,0
1505686276,21682048,257.80,0.81627822,0
1505686275,21682047,257.80,0.32196248,0
1505686275,21682046,257.78,0.32198214,0
1505686275,21682045,257.72,0.00173416,0
1505686265,21681999,257.71,0.76000000,0
1505686250,21681948,257.07,1.35000000,1
1505686250,21681947,257.08,0.32075100,0
1505686249,21681944,257.08,0.32033941,0
1505686249,21681941,257.08,0.23698870,1
1505686248,21681939,257.08,5.03000000,1
1505686248,21681937,257.08,0.65000000,0
1505686248,21681935,257.08,1.98233430,0
1505686247,21681933,257.08,3.74400200,0
1505686247,21681932,257.08,1.15868504,0
1505686246,21681926,257.07,6.88494131,0
1505686244,21681922,257.08,0.12517720,1
1505686244,21681920,257.21,0.24613474,1
1505686244,21681918,257.22,0.40366223,1
1505686244,21681917,257.44,0.00000449,1
1505686233,21681893,257.44,0.05000000,0
1505686233,21681892,257.28,0.05000000,0
1505686233,21681890,257.24,0.05000000,0
1505686233,21681889,257.23,0.00000551,0
1505686222,21681866,257.23,0.32268800,0
1505686093,21681644,257.21,0.07480131,0
1505686088,21681636,257.08,0.05000000,0
1505686072,21681627,257.08,0.17540087,0
1505686072,21681626,257.08,0.00179543,0
1505686071,21681625,257.08,0.32280370,0
1505685897,21681345,257.04,0.05000000,0
1505685889,21681330,257.00,1.46652794,1
1505685888,21681327,257.00,0.05781606,0
1505685888,21681325,257.00,2.34126713,0
1505685888,21681324,256.99,0.32292645,0
1505685888,21681323,256.94,0.05000000,0
1505685887,21681322,256.93,0.05000000,0
1505685887,21681321,256.89,0.05000000,0
1505685887,21681320,256.74,0.05000000,0
1505685887,21681319,256.61,0.07497657,0
1505685887,21681318,256.59,0.32348585,0
1505685887,21681317,256.58,0.21300000,0
1505685855,21681260,256.58,0.05000000,1
1505685799,21681162,256.59,0.05000000,0
1505685798,21681161,256.58,0.32051106,0
1505685798,21681158,256.57,0.32357412,0
1505685798,21681156,256.56,0.32356151,0
1505685795,21681144,255.82,0.06144687,0
1505685794,21681143,256.08,0.26300000,1
1505685704,21680972,256.53,1.76529060,1
1505685604,21680724,256.50,0.02338634,0
1505685567,21680645,256.53,1.66677900,0
1505685457,21680445,255.99,1.00000000,1
1505685448,21680422,255.92,0.32432010,1
1505685446,21680417,255.92,0.44737634,1
1505685446,21680416,255.92,0.32262366,1
1505685446,21680415,255.93,0.58000000,1
1505685446,21680412,256.16,0.05000000,1
1505685446,21680411,256.36,0.05000000,1
1505685446,21680410,256.51,0.05000000,1
1505685333,21680205,256.52,0.97141400,0
1505685326,21680193,256.58,0.00300000,0
1505685326,21680192,256.42,0.05000000,0
1505685322,21680182,256.39,0.00183886,0
1505685322,21680181,256.38,0.01840712,0
1505685321,21680180,256.22,0.05000000,0
1505685315,21680168,256.07,0.05000000,0
1505685270,21680116,256.01,0.56659602,0
1505685160,21679928,256.38,0.30628090,0
1505685160,21679926,256.36,0.08057419,0
1505685160,21679923,256.35,0.21200000,0
1505685156,21679911,256.36,0.01942581,0
1505685046,21679575,255.67,0.12585390,1
1505685008,21679498,256.34,0.32206395,0
1505685004,21679487,255.59,0.05781606,1
1505685004,21679486,255.60,0.32292645,1
1505685000,21679472,255.64,1.11278722,1
1505684996,21679459,255.62,0.00173096,0
1505684990,21679449,255.69,0.32395300,1
1505684990,21679448,255.70,0.32107139,1
1505684989,21679447,255.88,0.05000000,1
1505684989,21679446,256.13,0.05000000,1
1505684961,21679416,256.33,0.05000000,1
1505684945,21679364,256.40,0.05000000,0
1505684886,21679314,256.49,0.32185950,0
1505684873,21679312,256.10,1.00540677,1
1505684793,21679294,256.53,0.43571800,0
1505684779,21679287,256.03,0.01253563,1
1505684779,21679286,256.08,0.26200000,1
1505684779,21679285,256.18,0.05000000,1
1505684761,21679273,256.56,0.29193951,1
1505684756,21679269,256.56,0.32465651,1
1505684730,21679235,256.57,0.32177202,0
1505684728,21679233,256.19,0.01073739,0
1505684681,21679192,256.19,0.09269337,0
1505684681,21679191,255.90,0.00173972,0
1505684681,21679190,255.88,0.00175253,0
1505684681,21679189,255.86,0.00177789,0
1505684681,21679187,255.83,0.00358170,0
1505684680,21679186,255.75,0.00187979,0
1505684662,21679180,255.71,0.32459913,1
1505684628,21679152,255.97,4.10052779,1
1505684627,21679151,255.97,0.32322130,1
1505684627,21679150,255.99,0.05000000,1
1505684627,21679149,256.00,0.33646142,1
1505684627,21679148,256.08,0.07497657,1
1505684583,21679109,256.09,0.32410480,1
1505684581,21679108,256.19,0.02097000,0
1505684577,21679099,256.19,0.03784478,1
1505684576,21679096,256.19,0.08482018,1
1505684574,21679087,256.35,0.32122733,0
1505684572,21679084,256.35,0.32320872,1
1505684556,21679058,256.40,0.43140000,0
1505684553,21679056,256.40,1.32576112,0
1505684553,21679055,256.40,1.22105234,0
1505684547,21679051,256.40,3.13000000,0
1505684546,21679050,256.39,3.12700000,1
1505684542,21679047,256.40,0.32198214,0
1505684540,21679043,256.40,4.49362226,0
1505684540,21679042,256.40,9.56766307,0
1505684539,21679041,256.39,7.66000000,1
1505684539,21679040,256.39,0.89563906,1
1505684536,21679038,256.39,1.09254300,0
1505684534,21679034,256.39,0.93745700,0
1505684534,21679033,256.39,1.05254700,0
1505684533,21679032,256.39,2.40521243,0
1505684533,21679030,256.39,0.27372557,0
1505684532,21679021,256.39,0.05000000,1
1505684532,21679020,256.40,4.84750271,0
1505684530,21679019,256.47,0.00050543,1
1505684530,21679018,256.47,0.20000000,1
1505684530,21679017,256.47,0.02950000,1
1505684530,21679016,256.47,0.09169999,1
1505684530,21679015,256.48,6.12700000,1
1505684530,21679014,256.59,0.32275626,1
1505684530,21679013,256.61,0.18434115,1
1505684529,21679012,256.61,0.13737674,1
1505684529,21679011,256.61,0.32171789,1
1505684529,21679010,256.67,0.32170542,1
1505684529,21679009,256.68,0.07480131,1
1505684529,21679008,256.69,0.32112076,1
1505684529,21679007,256.74,0.05000000,1
1505684529,21679006,256.78,0.32119186,1
1505684502,21679002,257.00,0.98739485,0
1505684501,21679001,256.99,0.03000000,0
1505684495,21679000,256.99,0.05000000,0
1505684495,21678999,256.99,0.05000000,0
1505684495,21678998,256.99,0.05000000,0
1505684495,21678997,256.99,0.05000000,0
1505684489,21678995,257.00,6.67133802,0
1505684424,21678948,257.65,0.01073792,0
1505684424,21678947,256.89,0.30939999,0
1505684421,21678940,256.90,0.37539898,0
1505684420,21678939,256.90,0.06376100,0
1505684416,21678937,256.92,30.67300000,1
1505684416,21678936,256.94,3.18000000,1
1505684416,21678935,256.94,0.23000000,1
1505684383,21678927,256.91,0.33399049,1
1505684383,21678926,256.92,0.23000000,1
1505684367,21678922,256.89,2.82465000,1
1505684367,21678921,256.89,1.31847385,1
1505684334,21678913,256.81,0.32324648,1
1505684332,21678911,256.78,1.67036768,1
1505684332,21678910,256.80,0.32148113,1
1505684332,21678909,256.81,0.65000000,1
1505684332,21678908,256.92,0.05000000,1
1505684332,21678907,257.28,0.07462687,1
1505684332,21678906,257.82,0.24542490,1
1505684325,21678903,257.82,0.07462687,0
1505684319,21678899,256.93,0.00187903,0
1505684316,21678898,257.00,0.00000001,1
1505684315,21678895,257.00,1.62316499,0
1505684312,21678894,257.04,0.32136910,1
1505684312,21678893,257.17,0.05000000,1
1505684312,21678891,257.20,2.45526036,1
1505684312,21678889,257.21,0.32020555,1
1505684312,21678888,257.22,0.23000000,1
1505684286,21678879,257.20,1.46106934,1
1505684286,21678878,257.28,0.07462687,1
1505684286,21678877,257.37,0.05000000,1
1505684286,21678876,257.52,0.05000000,1
1505684269,21678872,257.31,3.58000000,1
1505684269,21678871,257.31,12.02000000,1
1505684269,21678870,257.33,0.32709024,1
1505684269,21678869,257.37,0.30940000,1
1505684268,21678868,257.39,0.31961051,1
1505684268,21678867,257.53,0.00989407,1
1505684238,21678849,257.53,0.31067526,1
1505684238,21678848,257.54,0.31980582,1
1505684238,21678847,257.55,0.31972542,1
1505684238,21678846,257.56,0.23000000,1
1505684221,21678833,258.80,0.31896155,0
1505684214,21678831,258.14,0.31896562,0
1505684204,21678826,258.84,0.31887352,0
1505684192,21678822,258.15,0.31979343,0
1505684190,21678820,257.54,0.72303950,1
1505684189,21678819,257.53,0.31931749,0
1505684189,21678818,257.53,2.32573357,0
1505684087,21678801,258.98,0.72303950,0
1505684085,21678800,258.99,3.91420431,0
1505684085,21678799,258.98,0.23234921,0
1505684085,21678798,258.98,2.39765079,0
1505684077,21678797,257.26,0.32263080,1
1505684074,21678795,257.26,0.72798888,1
1505684074,21678794,257.26,2.03128184,1
1505684073,21678793,257.57,0.08309051,1
1505684071,21678792,259.00,0.08482018,1
1505684070,21678791,259.00,0.32265588,1
1505684069,21678790,259.00,0.32051282,0
1505684068,21678787,258.96,0.08878317,1
1505684068,21678786,258.96,0.23000000,1
1505684066,21678782,257.24,0.09265588,1
1505684065,21678781,257.24,0.23000000,1
1505684065,21678779,258.45,0.05000000,0
1505684065,21678778,258.44,0.32136910,0
1505684062,21678773,258.30,0.05000000,0
1505684062,21678772,257.99,0.32275626,0
1505684062,21678771,257.98,7.66000000,0
1505684062,21678770,257.97,2.32585184,0
1505684039,21678732,258.00,0.31999175,0
1505684038,21678730,258.00,0.41222575,0
1505684038,21678729,257.99,4.78000000,0
1505684033,21678716,257.14,4.78000000,1
1505684032,21678710,258.01,4.77931691,0
1505684032,21678709,257.75,0.05000000,0
1505684031,21678708,257.40,0.05000000,0
1505683958,21678640,257.39,0.23000000,0
1505683921,21678596,257.00,28.90236812,0
1505683921,21678594,256.99,0.38000000,0
1505683873,21678566,257.00,5.00000000,0
1505683863,21678559,257.00,3.87265000,0
1505683863,21678558,256.99,0.45000000,0
1505683857,21678551,256.85,0.07710101,1
1505683854,21678546,256.99,0.07693122,0
1505683821,21678517,256.99,0.05000000,1
1505683812,21678510,257.00,0.53100000,0
1505683809,21678508,257.00,0.45060800,0
1505683808,21678507,256.99,0.67000000,0
1505683806,21678504,257.00,0.06828600,0
1505683804,21678503,257.00,7.79799800,0
1505683804,21678502,256.99,0.79000000,0
1505683756,21678471,256.99,0.06376100,0
1505683745,21678470,256.99,0.06376100,0
1505683737,21678466,256.99,0.06376100,0
1505683687,21678452,257.00,1.17285800,0
1505683687,21678451,256.99,0.98000000,0
1505683674,21678438,257.00,33.53262400,0
1505683667,21678430,257.00,0.10000000,0
1505683667,21678429,257.00,0.87885879,0
1505683666,21678428,256.99,1.16000000,0
1505683666,21678427,256.86,0.15292621,0
1505683666,21678426,256.86,0.53000000,1
1505683662,21678424,257.00,5.73452900,0
1505683657,21678423,257.00,0.60765000,0
1505683656,21678422,256.99,0.00000500,0
1505683656,21678421,256.99,0.29062000,0
1505683653,21678418,256.99,1.08937500,0
1505683639,21678412,257.00,25.59470900,0
1505683638,21678411,257.00,12.40258900,0
1505683637,21678409,257.00,1.17115000,0
1505683637,21678408,256.99,0.08393700,0
1505683636,21678406,256.99,1.91606300,1
1505683636,21678403,257.00,9.65728000,0
1505683636,21678401,256.99,1.91606800,0
1505683628,21678398,256.99,0.13393200,0
1505683626,21678397,256.87,6.69810300,0
1505683622,21678395,256.87,0.23000000,1
1505683622,21678394,256.99,0.16217000,0
1505683621,21678392,256.99,0.43060000,0
1505683611,21678386,256.99,0.25785400,0
1505683607,21678384,256.99,0.26290200,0
1505683597,21678375,256.99,0.05000000,1
1505683586,21678368,257.00,1.04162521,0
1505683583,21678367,256.99,2.62000000,1
1505683581,21678360,257.00,1.98809338,0
1505683580,21678358,257.00,0.32402927,0
1505683579,21678357,257.00,9.16188500,0
1505683577,21678356,256.99,4.35000000,1
1505683577,21678354,256.99,0.32296976,0
1505683576,21678353,256.98,0.30850000,0
1505683575,21678350,256.99,7.66000000,1
1505683574,21678348,257.00,9.64000000,0
1505683574,21678346,257.00,41.04942500,0
1505683573,21678344,256.98,7.66000000,0
1505683573,21678342,256.98,1.98757134,0
1505683571,21678340,257.00,0.14687936,0
1505683571,21678338,256.87,0.32312064,0
1505683571,21678336,257.00,2.13517263,0
1505683571,21678335,256.87,0.23482737,0
1505683570,21678332,256.87,0.50000000,1
1505683569,21678331,257.00,20.00000000,1
1505683569,21678330,257.01,12.02000000,1
1505683569,21678329,257.02,0.47000000,1
1505683569,21678328,257.60,0.32047569,1
1505683569,21678327,257.62,2.37000000,1
1505683569,21678326,257.80,7.66000000,1
1505683569,21678325,257.81,6.10715356,1
1505683409,21678249,257.89,8.03535093,0
1505683408,21678248,257.89,0.05000000,1
1505683404,21678247,258.04,0.05000000,1
1505683385,21678242,258.06,0.30850000,0
1505683371,21678241,258.06,4.16883652,0
1505683370,21678240,258.05,0.14124000,0
1505683317,21678229,258.05,0.08876000,0
1505683289,21678223,258.06,0.08718000,0
1505683288,21678222,257.99,0.23000000,0
1505683266,21678210,258.00,4.99999500,1
1505683266,21678209,258.01,0.54000000,1
1505683266,21678208,258.01,0.05000000,1
1505683266,21678207,258.03,1.17633079,1
1505683266,21678206,258.16,2.70000000,1
1505683209,21678171,258.18,0.32148113,1
1505683208,21678162,259.25,6.89538090,0
1505683208,21678159,259.25,0.05000000,0
1505683208,21678158,259.11,0.05000000,0
1505683207,21678157,259.10,0.05000000,0
1505683207,21678155,259.10,0.32047569,1
1505683207,21678153,259.00,0.01517263,0
1505683205,21678149,258.99,0.23000000,0
1505683187,21678133,258.81,6.64879400,0
1505683187,21678131,258.80,0.23000000,0
1505683175,21678128,259.00,0.03482737,0
1505683175,21678127,258.99,0.05000000,0
1505683175,21678126,258.97,0.05000000,0
1505683174,21678125,258.96,0.05000000,0
1505683174,21678123,258.81,0.05000000,0
1505683174,21678122,258.75,0.05000000,0
1505683173,21678121,258.74,0.05000000,0
1505683173,21678120,258.62,0.05000000,0
1505683173,21678119,258.56,0.05000000,0
1505683172,21678118,258.55,0.05000000,0
1505683172,21678117,258.55,0.05000000,0
1505683172,21678116,258.54,0.05000000,0
1505683172,21678115,258.40,0.05000000,0
1505683172,21678114,258.40,0.05000000,0
1505683170,21678113,258.39,0.05000000,0
1505683169,21678111,258.36,0.05000000,0
1505683169,21678110,258.35,0.03870938,0
1505683169,21678109,258.32,0.05000000,0
1505683169,21678108,258.21,0.05000000,0
1505683169,21678107,258.20,0.23000000,0
1505683164,21678101,258.07,0.05000000,0
1505683162,21678099,258.06,0.00050543,0
1505683004,21677998,258.02,0.32350889,1
1505682974,21677981,258.06,0.20000000,0
1505682954,21677963,258.06,0.02950000,0
1505682950,21677957,258.05,0.32170542,0
1505682916,21677944,257.98,0.00000500,0
1505682907,21677941,257.99,0.22999500,1
1505682907,21677939,258.06,0.09169999,0
1505682906,21677937,258.00,0.00000001,0
1505682906,21677935,257.99,0.23000000,0
1505682890,21677918,258.00,2.13160400,0
1505682890,21677917,257.99,0.23000000,0
1505682877,21677910,258.00,0.23682170,0
1505682874,21677909,258.00,4.97011300,0
1505682874,21677907,257.99,0.23000000,0
1505682859,21677889,257.28,0.07684681,0
1505682856,21677887,257.28,0.14373000,0
1505682854,21677884,257.28,0.10202891,1
1505682854,21677883,258.00,2.18408485,0
1505682854,21677882,257.99,0.18434115,0
1505682853,21677879,257.99,0.13737674,1
1505682852,21677877,257.27,0.09261826,0
1505682850,21677875,257.27,0.23000000,1
1505682849,21677869,258.00,0.47737644,1
1505682847,21677866,258.00,0.32261826,1
1505682846,21677862,258.00,1.22277730,0
1505682845,21677861,258.00,0.80000000,0
1505682843,21677856,257.99,0.32171789,1
1505682841,21677852,258.00,2.56247500,0
1505682838,21677839,258.00,0.81000000,0
1505682838,21677838,257.99,0.23000000,0
1505682834,21677820,258.00,10.03339000,0
1505682832,21677814,258.00,62.34000000,0
1505682832,21677812,257.99,7.66000000,0
1505682794,21677776,257.87,1.61922500,0
1505682747,21677756,257.06,1.34592856,1
1505682747,21677754,257.99,0.86946106,0
1505682747,21677752,257.98,0.26000000,0
1505682744,21677745,258.00,0.74764774,0
1505682744,21677744,257.99,7.66000000,0
1505682742,21677743,258.00,9.12770238,0
1505682742,21677742,257.99,0.83000000,0
1505682742,21677741,257.83,0.05000000,0
1505682742,21677740,257.74,0.23000000,0
1505682742,21677739,257.74,0.22129278,0
1505682732,21677734,257.79,2.70166574,0
1505682732,21677733,257.79,0.32320872,0
1505682732,21677732,257.77,0.21512554,0
1505682732,21677731,257.77,0.17000000,0
1505682731,21677730,257.76,0.23000000,0
1505682712,21677725,256.35,0.00920938,1
1505682712,21677724,256.44,0.08457934,1
1505682712,21677723,256.45,0.23000000,1
1505682707,21677720,256.44,0.23733820,1
1505682707,21677719,256.45,0.26000000,1
1505682704,21677712,257.91,0.83835917,0
1505682704,21677710,257.91,0.32191754,0
1505682703,21677709,257.91,0.17672329,0
1505682703,21677708,256.73,0.27329684,0
1505682702,21677706,256.73,0.05000000,1
1505682702,21677705,257.91,0.03819665,0
1505682700,21677703,257.08,0.05000000,1
1505682700,21677702,257.38,0.05000000,1
1505682700,21677700,257.63,0.05000000,1
1505682700,21677699,257.83,0.05000000,1
1505682695,21677695,257.92,0.05000000,0
1505682672,21677681,257.99,0.05728870,0
1505682672,21677680,257.98,1.61681130,0
1505682671,21677679,257.98,6.04318870,0
1505682671,21677678,257.97,0.23000000,0
1505682625,21677661,258.00,0.35151720,0
1505682625,21677659,257.97,0.23000000,0
1505682625,21677658,257.97,7.66000000,0
1505682625,21677657,257.96,1.03000000,0
1505682625,21677656,257.96,1.58084449,0
1505682624,21677655,257.00,1.00000000,0
1505682613,21677648,258.00,18.39352060,0
1505682612,21677647,257.99,0.79000000,0
1505682612,21677646,257.95,0.23425810,0
1505682612,21677645,257.59,0.32322130,0
1505682612,21677644,257.57,0.25900000,0
1505682609,21677642,256.22,2.34144652,1
1505682609,21677641,256.91,0.23000000,1
1505682609,21677640,256.92,0.25900000,1
1505682595,21677628,256.90,1.15729497,1
1505682591,21677620,256.89,0.55657796,0
1505682573,21677598,258.00,3.02000000,0
1505682573,21677597,257.99,1.21000000,0
1505682573,21677596,257.97,2.39963561,0
1505682572,21677595,257.97,1.91005205,0
1505682572,21677593,257.97,1.60031234,0
1505682572,21677592,257.97,1.74979177,0
1505682572,21677591,257.96,0.24000000,0
1505682572,21677590,257.95,0.23000000,0
1505682566,21677586,257.97,5.91020823,0
1505682566,21677585,257.97,1.25000000,0
1505682566,21677584,257.82,0.25000000,0
1505682565,21677583,257.81,0.23000000,0
1505682536,21677540,257.85,0.17293600,0
1505682526,21677522,257.85,1.13706472,1
1505682525,21677518,257.02,0.03000000,0
1505682516,21677488,257.02,0.23000000,0
1505682513,21677485,257.88,18.52639661,0
1505682513,21677484,257.87,0.09403282,0
1505682513,21677483,257.80,0.05000000,0
1505682513,21677482,257.79,0.09386191,0
1505682513,21677481,257.03,0.25900000,0
1505682508,21677472,257.79,0.17613809,0
1505682508,21677471,257.08,0.24661757,0
1505682508,21677470,257.06,0.32395300,0
1505682508,21677468,257.04,0.23000000,0
1505682503,21677462,256.40,0.28334634,0
1505682502,21677459,256.39,0.99988300,1
1505682494,21677456,257.04,0.28000000,0
1505682494,21677455,256.21,0.08005816,0
1505682487,21677452,256.20,0.09403282,1
1505682487,21677451,256.22,0.23000000,1
1505682476,21677438,256.20,0.23000000,0
1505682475,21677434,256.21,0.74092019,1
1505682472,21677430,256.53,0.25692612,1
1505682472,21677428,257.55,0.25900000,1
1505682470,21677423,257.94,19.15804500,0
1505682470,21677421,257.94,0.29000000,0
1505682470,21677420,257.93,0.23000000,0
1505682469,21677419,257.92,0.32195500,0
1505682469,21677418,256.55,0.05000000,1
1505682469,21677417,256.90,0.05000000,1
1505682469,21677416,257.20,0.05000000,1
1505682469,21677415,257.45,0.05000000,1
1505682469,21677414,257.65,0.05000000,1
1505682469,21677413,257.80,0.05000000,1
1505682454,21677407,257.96,19.47000000,0
1505682454,21677406,257.81,0.10274716,0
1505682454,21677405,257.80,0.30000000,0
1505682442,21677398,257.81,0.12725284,0
1505682395,21677366,257.91,14.58315666,0
1505682394,21677365,257.90,1.91645320,0
1505682394,21677364,256.06,0.72052500,0
1505682381,21677354,256.06,0.94216500,0
1505682376,21677350,257.97,0.74092019,0
1505682375,21677349,255.54,0.32480237,1
1505682373,21677348,257.99,0.18750061,0
1505682373,21677347,257.80,0.00000027,0
1505682373,21677346,257.80,0.07657000,0
1505682373,21677345,257.20,0.07674926,0
1505682373,21677344,256.60,0.07692908,0
1505682373,21677343,256.52,0.24681198,0
1505682372,21677342,256.41,0.27370032,0
1505682372,21677341,256.35,0.36000000,0
1505682372,21677340,256.35,1.82000000,0
1505682372,21677339,256.34,0.32378871,0
1505682371,21677334,256.08,0.03914694,0
1505682368,21677332,256.08,0.03778210,0
1505682368,21677331,256.07,0.06851790,0
1505682366,21677315,256.07,0.12710859,0
1505682366,21677314,255.78,0.00194204,0
1505682366,21677313,255.77,0.24139637,0
1505682364,21677308,255.77,0.01960363,1
1505682353,21677301,255.66,0.27464992,0
1505682353,21677298,255.66,0.05000000,1
1505682348,21677292,255.94,0.12692908,1
1505682348,21677291,255.94,0.19562649,1
1505682347,21677290,256.06,0.05000000,1
1505682347,21677289,256.08,0.07692908,1
1505682287,21677247,256.41,0.05000000,1
1505682284,21677246,256.42,1.73268600,0
1505682280,21677242,256.52,0.24581857,1
1505682280,21677240,256.68,0.07674926,1
1505682280,21677239,257.28,0.00000027,1
1505682272,21677234,257.28,0.07657000,1
1505682265,21677227,257.95,0.19842834,0
1505682265,21677226,257.32,0.32255557,0
1505682264,21677225,257.32,0.00001609,0
1505682264,21677224,257.31,0.38000000,0
1505682256,21677203,257.30,0.26100000,1
1505682254,21677188,257.32,0.37243838,1
1505682252,21677185,257.32,0.28991132,1
1505682252,21677183,257.32,0.04665030,1
1505682252,21677179,257.32,0.05000000,1
1505682251,21677174,257.91,0.69487776,1
1505682251,21677172,257.91,0.45680873,1
1505682250,21677169,257.91,0.34621240,1
1505682249,21677165,257.91,0.05000000,1
1505682249,21677160,257.91,2.17362702,0
1505682248,21677159,257.90,0.32256810,0
1505682248,21677158,257.87,0.05000000,0
1505682248,21677156,257.72,0.05000000,0
1505682248,21677155,256.71,0.05000000,1
1505682248,21677152,256.96,0.05000000,1
1505682248,21677151,257.16,0.05000000,1
1505682247,21677150,257.31,0.05000000,1
1505682247,21677147,257.91,0.15276591,0
1505682242,21677141,257.98,0.17676886,0
1505682242,21677140,256.90,0.32449761,0
1505682237,21677125,256.91,0.33504867,0
1505682236,21677117,257.32,0.30347381,0
1505682235,21677113,257.32,0.07468182,0
1505682235,21677112,257.32,0.37812771,0
1505682235,21677111,257.32,0.32255557,0
1505682235,21677109,255.19,0.31113992,0
1505682232,21677101,257.92,0.30374722,0
1505682232,21677100,257.34,0.07440845,0
1505682231,21677095,257.32,0.36337239,0
1505682230,21677090,255.20,0.32523510,1
1505682228,21677085,257.32,0.00679789,1
1505682227,21677081,257.32,1.35278023,1
1505682226,21677077,257.32,0.17707720,1
1505682225,21677074,257.29,0.32000000,0
1505682225,21677072,256.60,0.01410793,0
1505682225,21677066,256.58,0.26200000,0
1505682224,21677065,256.57,0.32549019,0
1505682222,21677047,255.00,4.85281044,0
1505682221,21677044,255.00,1.69224129,0
1505682221,21677043,255.00,15.37684800,0
1505682221,21677042,255.00,3.04364700,0
1505682220,21677041,255.00,9.01745800,0
1505682220,21677039,255.00,0.44345640,0
1505682220,21677037,254.30,0.74408560,0
1505682220,21677032,255.00,0.73087493,0
1505682220,21677031,254.99,0.31000000,0
1505682219,21677027,255.00,1.28436529,0
1505682219,21677026,255.00,1.79127786,0
1505682218,21677015,255.00,1.17647059,0
1505682218,21677012,255.00,0.39040253,0
1505682218,21677010,254.83,0.00175433,0
1505682217,21676998,255.00,6.40019644,0
1505682216,21676995,255.00,7.66000000,0
1505682215,21676994,255.00,1.06104596,0
1505682215,21676993,255.19,0.04783100,1
1505682215,21676992,255.19,0.26152170,1
1505682215,21676991,255.21,0.06146063,1
1505682215,21676990,255.21,0.26200000,1
1505682214,21676989,255.26,0.88930728,1
1505682214,21676987,255.26,0.39175742,1
1505682214,21676985,255.29,0.31000000,1
1505682214,21676983,255.36,0.24888834,1
1505682214,21676981,255.36,0.07440850,1
1505682214,21676980,255.37,1.88000000,1
1505682214,21676979,255.54,0.07440850,1
1505682214,21676978,256.13,0.07440850,1
1505682197,21676972,256.21,0.32395300,1
1505682195,21676971,256.60,0.04783100,0
1505682193,21676968,257.32,0.26200000,1
1505682191,21676962,257.34,0.00000001,1
1505682189,21676956,257.34,0.07440849,1
1505682184,21676953,257.88,0.07440850,0
1505682183,21676951,256.73,0.24888834,0
1505682175,21676938,256.73,0.07440850,1
1505682172,21676921,257.98,2.16838177,0
1505682172,21676919,257.97,12.29151823,0
1505682149,21676902,257.33,0.07440850,1
1505682148,21676899,258.00,17.58086915,0
1505682147,21676898,258.00,0.10353267,0
1505682147,21676897,257.99,1.53000000,0
1505682147,21676896,257.98,0.32298233,0
1505682147,21676895,257.88,0.07440850,0
1505682146,21676893,257.87,0.31000000,0
1505682146,21676891,257.28,0.07440850,0
1505682138,21676866,256.98,0.07440850,1
1505682138,21676864,256.98,0.07440850,1
1505682137,21676861,256.98,0.32563066,1
1505682137,21676859,256.98,0.29000000,0
1505682136,21676858,255.54,0.32480237,0
1505682136,21676855,253.03,0.88975195,0
1505682135,21676854,255.26,1.04287820,0
1505682134,21676852,255.26,0.74408560,0
1505682134,21676849,255.54,0.32328425,1
1505682131,21676844,257.00,2.09805929,1
1505682131,21676842,257.00,0.07744587,1
1505682131,21676838,256.99,0.32328425,0
1505682131,21676836,256.60,0.00858452,0
1505682131,21676834,256.60,0.06795406,0
1505682130,21676832,256.00,0.07671833,0
1505682130,21676831,255.40,0.07689893,0
1505682130,21676830,254.80,0.07708038,0
1505682130,21676828,254.20,0.07726269,0
1505682129,21676823,252.40,251.90989701,1
1505682129,21676822,252.40,0.07744587,0
1505682129,21676821,252.40,80.92057189,0
1505682129,21676817,253.00,0.45000000,1
1505682129,21676816,253.00,0.30000000,1
1505682128,21676813,253.00,0.04000000,1
1505682128,21676812,253.00,0.30000000,1
1505682128,21676810,253.01,14.46398602,0
1505682128,21676808,253.01,0.07726269,0
1505682128,21676806,254.28,0.07708038,0
1505682127,21676805,254.87,0.54000000,0
1505682127,21676802,254.88,0.07689893,0
1505682127,21676799,255.00,5.00000000,1
1505682127,21676798,255.00,0.72082088,1
1505682126,21676797,255.04,0.07400000,1
1505682126,21676796,255.27,0.32341022,0
1505682126,21676795,255.27,0.07671833,0
1505682125,21676794,255.39,0.05000000,1
1505682125,21676792,255.39,0.07653858,0
1505682125,21676790,255.39,1.27547034,0
1505682125,21676784,255.65,0.13000000,1
1505682124,21676780,255.89,0.05000000,1
1505682124,21676776,255.94,0.52000000,1
1505682124,21676775,256.34,0.05000000,1
1505682123,21676773,256.35,0.48000000,1
1505682123,21676772,256.37,2.41000000,1
1505682123,21676771,256.62,0.27170542,1
1505682123,21676770,256.62,0.05000000,1
1505682122,21676767,256.64,5.19743054,1
1505682122,21676765,256.64,0.28985507,0
1505682122,21676763,256.74,29.17320806,0
1505682121,21676762,256.74,0.76363127,1
1505682120,21676760,256.74,0.32341022,1
1505682119,21676759,256.64,42.39456946,1
1505682118,21676758,256.74,0.05000000,1
1505682118,21676756,257.09,0.05000000,1
1505682118,21676755,257.31,0.32110801,1
1505682118,21676753,257.39,0.05000000,1
1505682117,21676752,257.64,0.05000000,1
1505682117,21676750,257.76,1.10932253,1
1505682117,21676749,257.77,14.12500000,1
1505682115,21676747,257.84,0.05000000,1
1505682109,21676740,258.00,7.20065600,0
1505682108,21676739,257.99,0.28834400,0
1505682105,21676738,257.99,0.04165600,0
1505682103,21676737,258.00,1.41330195,0
1505682102,21676736,257.99,0.10586605,0
1505682099,21676735,257.99,0.19965116,0
1505682094,21676734,257.99,0.04165600,0
1505682093,21676732,257.99,0.02282679,0
1505682078,21676724,258.00,1.02201000,0
1505682078,21676722,258.00,0.18478010,0
1505682078,21676721,257.99,0.00021990,0
1505682075,21676718,257.99,0.43978010,0
1505682046,21676703,258.00,0.36290000,0
1505682046,21676702,257.99,0.53000000,0
1505682026,21676701,257.99,0.05000000,1
1505682015,21676696,258.00,0.93560000,0
1505682015,21676695,257.99,0.64000000,0
1505681994,21676683,258.00,2.07011001,0
1505681994,21676682,257.99,0.75000000,0
1505681975,21676674,258.00,9.07343617,0
1505681975,21676673,257.99,0.90000000,0
1505681975,21676672,257.99,8.59930760,0
1505681967,21676666,257.99,2.18400000,0
1505681967,21676665,257.99,6.04728680,0
1505681964,21676663,257.99,13.94887400,0
1505681963,21676662,257.99,0.55020200,0
1505681958,21676660,257.99,4.01436200,0
1505681957,21676659,257.99,2.05463800,0
1505681957,21676658,257.99,8.79637876,0
1505681956,21676657,257.99,0.68402900,0
1505681955,21676656,257.99,1.79386600,0
1505681954,21676655,257.99,8.72188704,0
1505681954,21676654,257.99,0.99131749,0
1505681922,21676648,258.00,2.00000000,0
1505681922,21676646,258.00,4.24580000,0
1505681921,21676645,257.99,1.07000000,0
1505681905,21676631,257.99,0.10000000,0
1505681887,21676628,258.00,18.70996197,0
1505681887,21676626,257.99,1.29000000,0
1505681875,21676621,258.00,0.54000000,0
1505681869,21676620,258.00,5.14801176,1
1505681859,21676618,258.65,0.59095495,0
1505681859,21676617,258.64,1.50000000,0
1505681851,21676612,258.67,17.87622060,0
1505681848,21676610,258.69,0.03282445,0
1505681813,21676578,258.01,1.49946300,0
1505681809,21676570,258.02,0.23000000,1
1505681808,21676566,258.22,0.19956195,0
1505681807,21676564,258.21,0.92000000,0
1505681807,21676563,258.20,0.98520000,0
1505681804,21676553,258.01,4.78531200,1
1505681800,21676550,258.22,1.27105286,0
1505681798,21676548,258.22,1.27190347,0
1505681798,21676545,258.22,2.57735182,0
1505681796,21676539,258.22,1.27136099,0
1505681796,21676535,258.22,7.93380266,0
1505681795,21676533,258.00,0.27170542,1
1505681795,21676531,258.09,0.05000000,1
1505681794,21676525,258.23,2.18257483,1
1505681794,21676524,258.34,0.05000000,1
1505681792,21676519,258.00,4.15380084,1
1505681792,21676518,258.00,1.00000000,1
1505681792,21676517,258.21,0.31989516,1
1505681792,21676515,258.54,0.05000000,1
1505681792,21676513,258.69,0.05000000,1
1505681791,21676507,258.23,2.18260000,0
1505681790,21676505,258.23,7.66000000,1
1505681790,21676503,258.48,0.10252244,1
1505681787,21676494,259.22,8.07619300,0
1505681787,21676493,259.21,11.91000000,0
1505681772,21676465,258.70,0.16840000,0
1505681765,21676454,258.74,0.02115655,0
1505681764,21676453,258.72,0.97884345,0
1505681764,21676452,258.72,0.32030255,1
1505681764,21676451,258.80,0.00000035,1
1505681763,21676450,258.80,0.99999965,1
1505681763,21676449,259.00,0.68434978,1
1505681763,21676448,259.00,0.29449299,1
1505681763,21676446,259.00,0.02115723,1
1505681762,21676444,259.05,1.00000000,1
1505681762,21676441,259.06,1.00000000,1
1505681762,21676440,259.08,0.10228501,1
1505681762,21676439,259.10,0.00001074,1
1505681762,21676438,259.10,0.24569900,1
1505681762,21676437,259.10,0.07338602,1
1505681761,21676436,259.10,0.57441698,1
1505681761,21676435,259.10,0.10648726,1
1505681761,21676434,259.11,0.29371174,1
1505681761,21676433,259.11,0.02538402,1
1505681761,21676432,259.30,1.00000000,1
1505681731,21676418,259.39,0.00015237,1
1505681713,21676393,259.39,7.65984763,1
1505681713,21676392,259.68,0.00004674,1
1505681712,21676389,259.68,0.10200194,1
1505681712,21676388,259.70,0.00004674,1
1505681711,21676384,259.70,0.21051213,1
1505681709,21676371,259.70,9.10564113,1
1505681709,21676369,259.75,0.05000000,1
1505681708,21676368,259.76,11.69945335,0
1505681705,21676364,259.76,0.21045000,1
1505681698,21676346,260.00,5.00000000,1
1505681692,21676337,260.01,5.94400000,1
1505681692,21676336,260.10,0.05000000,1
1505681671,21676316,260.49,4.53540000,0
1505681662,21676292,260.16,6.72502187,1
1505681662,21676290,260.16,0.31959800,1
1505681654,21676281,260.16,0.36511000,1
1505681651,21676279,260.16,0.03027013,1
1505681651,21676278,260.16,0.18956900,1
1505681649,21676274,260.16,0.03000000,1
1505681647,21676268,260.16,7.44043100,1
1505681632,21676257,260.16,7.66000000,1
1505681632,21676256,260.16,0.27830962,1
1505681622,21676251,260.62,0.08050900,0
1505681607,21676245,260.63,0.09160000,0
1505681607,21676244,260.62,0.23000000,0
1505681604,21676241,260.16,1.78387767,1
1505681593,21676239,260.28,0.10181343,1
1505681593,21676238,260.40,0.05000000,1
1505681593,21676237,260.42,0.26000000,1
1505681588,21676235,260.65,0.05000000,1
1505681571,21676232,260.85,0.05000000,0
1505681570,21676231,260.85,0.05000000,0
1505681515,21676219,261.01,2.05674165,0
1505681515,21676218,261.00,7.84700000,0
1505681515,21676217,260.92,0.23000000,0
1505681515,21676216,260.91,1.24349900,0
1505681515,21676215,260.91,0.14693000,0
1505681515,21676214,260.91,0.89422935,0
1505681484,21676209,260.75,0.04000000,1
1505681473,21676192,260.76,0.08307000,1
1505681464,21676184,260.77,1.09341565,1
1505681452,21676171,261.06,10.73199226,0
1505681451,21676170,261.05,9.26797020,0
1505681443,21676166,260.78,8.40525986,1
1505681443,21676165,260.78,0.62374014,1
1505681443,21676164,260.78,1.70643686,1
1505681409,21676141,260.81,0.59022800,1
1505681404,21676138,260.79,0.10947622,1
1505681388,21676130,261.18,6.53501302,0
1505681387,21676129,261.17,3.71208698,0
1505681374,21676124,260.80,3.38797500,1
1505681357,21676122,261.26,0.78488304,0
1505681357,21676121,261.23,0.96322430,0
1505681357,21676120,261.23,0.12827870,0
1505681356,21676119,261.10,1.55511396,0
1505681356,21676118,261.09,0.23000000,0
1505681343,21676113,260.64,0.12949398,1
1505681319,21676105,260.76,0.00000018,1
1505681263,21676094,261.00,19.75000000,0
1505681263,21676093,260.99,0.25000000,0
1505681138,21676071,261.10,0.15002494,0
1505681137,21676070,261.10,8.29486110,0
1505681137,21676069,261.09,9.25696780,0
1505681137,21676068,261.08,2.29814616,0
1505681102,21676057,260.76,0.12827870,1
1505681102,21676056,260.77,0.96322430,1
1505681087,21676045,261.00,0.23000000,1
1505681013,21676023,261.17,0.27600000,0
1505681013,21676022,261.16,0.15110000,0
1505681013,21676021,261.15,0.27600000,0
1505681013,21676020,261.15,0.25870041,0
1505680909,21675965,261.00,0.00000586,0
1505680908,21675963,261.00,2.60294200,0
1505680897,21675957,261.00,14.33233200,0
1505680896,21675954,261.00,1.57612500,0
1505680895,21675950,261.00,1.21947300,0
1505680893,21675948,261.00,0.05000000,0
1505680879,21675938,261.15,0.01729959,0
1505680879,21675937,261.14,0.11076437,0
1505680879,21675936,261.13,0.00000004,0
1505680879,21675935,261.12,0.23000000,0
1505680873,21675933,261.13,1.82920600,0
1505680866,21675927,260.89,0.18774655,0
1505680861,21675923,260.90,0.68914800,0
1505680838,21675890,260.94,1.59268379,0
1505680735,21675841,260.40,0.00000002,1
1505680719,21675831,261.04,0.07125345,0
1505680650,21675775,260.40,0.31654991,1
1505680617,21675747,261.09,0.38205217,0
1505680549,21675698,260.35,0.42285301,1
1505680548,21675697,260.39,0.57171792,0
1505680548,21675695,260.80,0.17423295,1
1505680548,21675692,260.85,0.31598681,1
1505680547,21675691,260.87,0.31598681,1
1505680547,21675690,260.88,0.10157927,1
1505680545,21675689,260.95,0.09764323,1
1505680318,21675601,261.40,0.28000000,0
1505679989,21675455,261.41,0.00100011,1
1505679968,21675441,261.41,0.25899989,0
1505679937,21675433,260.95,0.24085331,1
1505679937,21675432,261.00,0.07767666,1
1505679937,21675431,261.06,0.00000003,1
1505679775,21675372,261.06,0.11076437,1
1505679730,21675361,261.06,0.27600000,1
1505679703,21675346,261.06,0.27600000,1
1505679695,21675338,261.06,0.15110000,1
1505679665,21675319,261.06,0.27600000,1
1505679647,21675305,261.07,0.27700000,1
1505679597,21675274,261.39,0.25900000,1
1505679593,21675265,261.48,0.10134618,1
1505679572,21675253,261.98,1.08604536,0
1505679572,21675252,261.87,0.09909944,0
1505679572,21675251,261.87,0.00224674,0
1505679572,21675250,261.86,0.31000000,0
1505679572,21675248,261.49,0.30530000,0
1505679414,21675087,261.27,0.10157927,0
1505679414,21675086,261.26,0.20966604,0
1505679414,21675085,261.26,0.04933396,1
1505679357,21675069,260.86,0.32411198,0
1505679356,21675068,260.88,0.10157927,1
1505679346,21675065,260.93,0.30530000,1
1505679345,21675064,261.41,0.25900000,1
1505679345,21675063,261.48,0.09909944,1
1505679339,21675060,261.48,0.00224674,1
1505679339,21675059,261.49,1.08604536,1
1505679275,21675000,261.99,0.27700000,0
1505679241,21674979,261.50,0.27700000,1
1505679214,21674966,261.50,0.27700000,1
1505679167,21674908,262.00,2.36000000,0
1505679167,21674907,261.99,0.64000000,0
1505679159,21674900,262.00,0.40000000,0
1505679151,21674890,262.00,19.02087786,0
1505679151,21674889,261.99,0.76000000,0
1505679145,21674876,262.00,0.31853700,0
1505679143,21674872,262.00,3.81677900,0
1505679138,21674853,262.00,3.00000000,0
1505679135,21674850,262.00,4.41510265,0
1505679135,21674849,261.99,0.58489735,0
1505679135,21674848,261.99,0.31510265,1
1505679132,21674847,262.00,20.00000000,0
1505679131,21674844,262.00,0.17499000,0
1505679129,21674838,262.00,1.64082400,0
1505679126,21674824,262.00,2.36257100,0
1505679125,21674822,262.00,6.67000000,0
1505679125,21674821,261.99,1.07000000,0
1505679121,21674808,262.00,15.00000000,0
1505679115,21674798,262.00,0.54000000,0
1505679112,21674794,262.00,61.37335200,0
1505679112,21674793,261.99,1.27000000,0
1505679105,21674785,262.00,77.70000000,0
1505679105,21674784,262.00,31.62473900,0
1505679105,21674783,261.99,1.51000000,0
1505679104,21674781,261.87,0.10134618,0
1505679104,21674779,261.27,0.10157927,0
1505679087,21674762,260.84,0.19908756,1
1505679087,21674761,260.84,1.29565141,1
1505679087,21674760,260.88,0.10157927,1
1505679087,21674759,261.48,0.10134618,1
1505679073,21674744,262.00,1.00000000,0
1505679070,21674739,262.00,36.65710400,0
1505679070,21674738,261.99,1.79000000,0
1505679070,21674737,261.97,1.40052500,0
1505679069,21674736,261.97,0.23000000,0
1505679020,21674723,262.00,6.41934700,0
1505679020,21674722,261.99,2.13000000,0
1505679019,21674721,261.98,0.23000000,0
1505679003,21674714,262.00,20.84002400,0
1505679000,21674712,262.00,10.37171343,0
1505679000,21674711,261.99,2.53000000,0
1505679000,21674710,261.98,7.75272657,0
1505678987,21674707,261.98,0.21727343,1
1505678975,21674701,261.99,0.05000000,0
1505678963,21674698,262.00,56.39940994,0
1505678963,21674697,261.99,3.02000000,0
1505678952,21674691,261.97,7.97000000,0
1505678951,21674690,261.97,0.23000000,0
1505678930,21674671,262.00,64.87174741,0
1505678930,21674669,261.99,3.58000000,0
1505678930,21674668,261.99,0.05000000,0
1505678930,21674667,261.98,7.97000000,0
1505678930,21674666,261.97,2.29033859,0
1505678930,21674665,261.83,0.05000000,0
1505678918,21674655,261.82,0.13688259,1
1505678918,21674654,261.82,1.55133603,1
1505678917,21674653,261.82,0.36692002,1
1505678917,21674652,261.82,0.21826064,1
1505678904,21674641,261.82,0.23000000,0
1505678801,21674551,261.82,1.86610000,0
1505678799,21674550,261.82,6.93396514,1
1505678782,21674546,261.81,0.93800845,1
1505678776,21674542,261.81,0.14210783,1
1505678751,21674529,261.81,7.85868723,1
1505678751,21674527,261.81,0.01126522,1
1505678751,21674526,261.83,0.05000000,1
1505678717,21674521,261.84,0.05000000,1
1505678617,21674461,261.99,0.08510580,1
1505678615,21674455,261.99,0.23000000,0
1505678613,21674453,262.00,4.99996088,0
1505678605,21674452,262.00,5.00000000,0
1505678604,21674451,261.93,1.06023405,0
1505678604,21674450,261.84,0.31699393,0
1505678604,21674449,261.82,14.25931816,0
1505678554,21674419,261.81,0.23000000,1
1505678553,21674417,261.81,0.05000000,0
1505678553,21674416,261.81,0.02401621,0
1505678551,21674415,261.79,0.20466786,0
1505678551,21674414,261.56,0.05000000,0
1505678551,21674413,261.44,0.05000000,0
1505678550,21674412,261.41,0.09747403,0
1505678550,21674409,261.40,0.07628028,0
1505678550,21674408,261.36,0.05000000,0
1505678550,21674407,261.29,0.05000000,0
1505678549,21674406,261.27,0.05000000,0
1505678549,21674405,261.21,0.05000000,0
1505678549,21674404,261.14,0.05000000,0
1505678548,21674403,261.11,0.26000000,0
1505678456,21674369,260.81,0.05975442,0
1505678454,21674368,260.81,0.23000000,1
1505678409,21674276,260.81,0.00016178,1
1505678408,21674270,260.81,14.46382424,1
1505678394,21674261,260.80,0.04560000,1
1505678354,21674243,260.80,0.02026402,1
1505678354,21674239,260.80,0.07645612,0
1505678353,21674235,260.00,3.93008887,1
1505678353,21674234,260.00,7.96991113,1
1505678352,21674233,260.00,30.05501253,0
1505678351,21674232,260.00,7.97000000,0
1505678350,21674231,260.00,0.94912974,0
1505678350,21674229,259.99,3.11982612,0
1505678349,21674228,260.26,0.05000000,1
1505678349,21674227,260.28,0.07645612,1
1505678349,21674226,260.29,0.80000000,1
1505678349,21674225,260.51,0.05000000,1
1505678349,21674224,260.57,0.26000000,1
1505678349,21674223,260.60,1.00000000,1
1505678349,21674222,260.71,0.05000000,1
1505678348,21674221,260.74,7.97000000,1
1505678348,21674220,260.75,10.61600000,1
1505678348,21674219,260.86,0.05000000,1
1505678279,21674196,260.87,0.52845977,1
1505678268,21674183,260.85,0.38807622,1
1505678235,21674082,260.78,0.38807622,1
1505678203,21674070,260.71,0.23000000,1
1505678201,21674069,260.64,0.38807622,1
1505678200,21674068,260.63,0.38807622,1
1505678200,21674067,260.68,0.31659478,1
1505678200,21674066,260.70,0.23000000,1
1505678191,21674065,260.69,0.91653599,0
1505678168,21674058,260.69,0.13000000,0
1505678165,21674054,260.69,0.23000000,1
1505678155,21674037,260.74,0.23000000,1
1505678132,21674011,260.71,0.91653599,1
1505678120,21674007,260.74,0.19655600,0
1505678119,21674004,260.73,0.53725200,1
1505678107,21673996,260.74,0.23000000,1
1505678106,21673995,260.73,0.42655600,1
1505678100,21673941,260.73,0.05000000,1
1505678067,21673903,260.69,0.91653599,0
1505678065,21673898,260.68,0.91653599,1
1505678065,21673897,260.69,0.31699393,1
1505678035,21673879,260.74,0.87188716,1
1505678006,21673859,260.84,0.28680325,1
1505677982,21673844,260.79,1.59575020,1
1505677982,21673843,260.80,0.23000000,1
1505677971,21673836,260.79,0.47285800,1
1505677971,21673835,260.79,2.44183321,1
1505677967,21673830,260.79,0.33940183,1
1505677967,21673829,260.79,0.23000000,1
1505677949,21673818,261.11,5.05140000,0
1505677949,21673817,261.10,0.08000000,0
1505677929,21673802,260.77,0.69448173,1
1505677914,21673792,260.76,1.77624569,1
1505677914,21673791,260.88,0.05000000,1
1505677914,21673790,260.88,0.07628028,1
1505677914,21673789,260.89,0.09747403,1
1505677886,21673777,261.27,1.17480000,0
1505677838,21673747,260.89,0.22405119,1
1505677838,21673746,261.19,0.31606480,1
1505677837,21673745,261.34,0.07940625,1
1505677835,21673740,261.35,0.00011555,1
1505677834,21673735,261.35,0.31555386,1
1505677829,21673731,261.37,1.21929800,0
1505677716,21673678,261.34,0.23666600,1
1505677673,21673661,261.46,2.69980388,1
1505677673,21673660,261.49,0.02401621,1
1505677671,21673657,261.78,2.42508700,0
1505677660,21673655,261.78,0.02397522,0
1505677660,21673654,261.68,14.55636783,0
1505677660,21673653,261.67,0.23000000,0
1505677659,21673652,261.47,0.05457000,1
1505677650,21673650,261.47,0.53939078,1
1505677650,21673649,261.52,0.05000000,1
1505677650,21673648,261.52,0.02397522,1
1505677647,21673642,261.54,9.47171558,1
1505677647,21673640,261.56,1.60000000,1
1505677646,21673638,261.67,0.05000000,1
1505677632,21673613,261.68,1.10000494,1
1505677627,21673605,261.70,0.66999500,1
1505677627,21673604,261.70,1.10000500,1
1505677618,21673595,261.88,1.70219185,0
1505677597,21673589,261.68,0.15567000,1
1505677589,21673582,261.68,0.49849200,1
1505677566,21673574,261.68,0.49996179,1
1505677533,21673529,261.68,1.44794092,1
1505677449,21673468,261.68,0.47100000,1
1505677441,21673463,261.69,0.14233300,1
1505677422,21673453,261.68,0.68744700,1
1505677415,21673446,261.71,2.13006600,0
1505677395,21673442,261.68,2.07344849,1
1505677310,21673386,261.61,0.22991600,1
1505677274,21673357,261.99,1.44525700,0
1505677271,21673355,261.62,0.07461000,0
1505677265,21673346,261.62,0.23000000,1
1505677252,21673327,261.61,0.08000000,1
1505677220,21673313,262.00,18.41697948,0
1505677220,21673312,261.99,0.21802052,0
1505677220,21673311,261.91,0.05000000,0
1505677220,21673310,261.76,0.05000000,0
1505677207,21673305,261.42,0.34512200,1
1505677205,21673304,261.43,0.23000000,1
1505677172,21673291,261.99,1.18823469,0
1505677172,21673290,261.99,0.02394431,0
1505677163,21673285,261.36,25.04000000,1
1505677142,21673265,261.52,0.03000000,1
1505677138,21673264,261.98,0.02152200,0
1505677129,21673262,261.52,0.20000000,1
1505677073,21673250,261.45,0.32000000,1
1505677064,21673249,261.43,0.01000000,1
1505677064,21673248,261.44,0.19000000,1
1505677055,21673247,261.44,0.04000000,1
1505677036,21673236,261.52,0.23000000,1
1505677023,21673227,261.51,0.96000000,1
1505677015,21673225,261.50,0.04000000,1
1505677006,21673222,261.45,1.64000000,1
1505677004,21673219,261.45,9.20003826,1
1505676998,21673215,261.44,3.57000000,1
1505676997,21673214,261.45,0.23000000,1
1505676995,21673213,261.44,0.37018054,1
1505676988,21673209,261.44,4.60000000,1
1505676986,21673207,261.44,4.44483400,1
1505676986,21673206,261.45,0.23000000,1
1505676980,21673203,261.43,0.01605569,1
1505676980,21673202,261.44,0.02394431,1
1505676971,21673201,261.42,0.17667475,1
1505676971,21673200,261.48,0.06332525,1
1505676951,21673187,261.48,0.00278000,1
1505676951,21673186,261.49,0.23000000,1
1505676951,21673185,261.65,0.00722000,1
1505676951,21673184,261.65,0.04278000,1
1505676951,21673183,261.85,0.05000000,1
1505676950,21673182,262.00,0.05000000,1
1505676932,21673159,261.48,0.01000000,1
1505676932,21673158,261.49,0.23000000,1
1505676912,21673151,262.01,0.00010319,1
1505676908,21673146,262.01,0.23907485,1
1505676906,21673144,262.01,0.00000007,0
1505676906,21673143,262.01,0.07610518,0
1505676892,21673129,261.14,1.04718100,1
1505676891,21673124,261.50,0.19000000,1
1505676886,21673120,261.50,0.04000000,1
1505676882,21673114,261.39,2.29539171,1
1505676882,21673113,261.48,0.00000007,1
1505676882,21673112,261.49,0.00008700,1
1505676867,21673092,261.49,0.22991300,1
1505676854,21673071,261.48,0.07610518,1
1505676853,21673066,261.48,1.06023405,1
1505676848,21673060,261.49,0.21802052,1
1505676848,21673059,262.01,0.07558736,1
1505676848,21673057,262.08,0.07593101,1
1505676848,21673056,262.09,0.00010111,1
1505676847,21673054,262.09,0.31489184,1
1505676839,21673047,262.01,0.04000000,1
1505676837,21673041,262.01,0.19967068,0
1505676836,21673040,262.25,13.02379408,1
1505676836,21673039,262.20,0.31656322,0
1505676836,21673038,262.12,0.00010115,0
1505676836,21673037,262.12,0.24048158,0
1505676835,21673036,262.12,0.07607192,0
1505676835,21673035,262.05,0.31673459,0
1505676835,21673034,262.01,0.03572281,0
1505676835,21673033,262.01,0.04000000,0
1505676834,21673031,262.00,6.90000000,0
1505676834,21673030,262.00,0.02810415,0
1505676834,21673029,261.99,2.29016375,0
1505676834,21673028,261.99,0.21412769,0
1505676834,21673027,261.99,0.10263226,0
1505676834,21673026,261.92,0.05000000,0
1505676833,21673025,261.84,0.08962841,0
1505676833,21673024,261.82,0.81680315,0
1505676833,21673022,261.81,0.79821500,1
1505676832,21673017,261.47,1.00000000,1
1505676832,21673015,261.82,0.15239478,0
1505676831,21673012,261.47,0.30550000,0
1505676815,21672995,260.96,0.16000000,1
1505676810,21672992,261.82,0.02392014,0
1505676809,21672991,261.67,0.05000000,0
1505676809,21672990,261.47,0.05000000,0
1505676809,21672989,261.32,0.05000000,0
1505676572,21672790,260.92,1.14384666,1
1505676572,21672788,260.93,0.18123634,1
1505676562,21672782,260.91,0.30550000,0
1505676561,21672781,260.98,0.05000000,1
1505676561,21672780,260.99,0.81270165,1
1505676561,21672779,261.04,0.23000000,1
1505676550,21672775,261.28,0.05000000,1
1505676550,21672774,261.29,0.23000000,1
1505676540,21672773,261.28,0.99311807,1
1505676540,21672772,261.53,0.05000000,1
1505676540,21672771,261.73,0.05000000,1
1505676500,21672756,261.84,0.05000000,0
1505676488,21672752,261.28,0.08962841,1
1505676488,21672751,261.36,0.23000000,1
1505676444,21672728,261.89,0.05000000,0
1505676339,21672654,261.84,0.60623900,0
1505676339,21672653,261.84,0.47419528,0
1505676339,21672652,261.64,0.05000000,0
1505676339,21672651,261.63,0.72948726,0
1505676310,21672631,261.59,0.06049274,0
1505676310,21672630,261.59,9.80808526,0
1505676305,21672628,261.59,0.31594757,0
1505676304,21672627,261.57,0.13215893,0
1505676303,21672626,261.46,0.09726374,0
1505676303,21672624,261.44,0.05000000,0
1505676303,21672623,261.29,0.05000000,0
1505676160,21672570,260.89,0.32254628,1
1505676160,21672569,260.89,1.38148861,1
1505676160,21672568,260.90,0.21412769,1
1505676138,21672565,260.90,0.10263226,0
1505676136,21672564,260.94,0.09726374,1
1505676121,21672547,260.92,0.35110648,1
1505676121,21672546,260.94,0.31673459,1
1505676121,21672545,260.95,0.05000000,1
1505676121,21672543,261.20,0.05000000,1
1505676121,21672542,261.40,0.05000000,1
1505676121,21672541,261.55,0.05000000,1
1505676121,21672539,261.56,0.13215893,1
1505676111,21672530,261.57,0.15287932,1
1505676111,21672529,261.57,0.13215893,1
1505676108,21672521,261.59,2.28636117,0
1505676102,21672515,261.59,1.90660958,0
1505676097,21672511,261.57,0.03066822,1
1505676097,21672509,261.58,0.60623900,1
1505676087,21672499,261.58,0.47419528,1
1505676085,21672497,261.59,0.27910400,0
1505676081,21672490,261.99,0.31540206,0
1505676078,21672488,262.00,0.25100000,0
1505676073,21672486,262.00,0.03769636,0
1505676073,21672485,262.00,2.15960365,0
1505676073,21672484,261.86,0.74700000,0
1505676059,21672475,262.00,1.78219025,0
1505676059,21672474,261.99,2.29016375,0
1505676057,21672471,262.00,1.05820610,0
1505676057,21672470,261.96,0.08685064,0
1505676054,21672464,261.96,0.23000000,0
1505676054,21672463,261.96,0.05000000,0
1505676053,21672462,261.93,0.05000000,0
1505676053,21672461,261.88,0.31694742,0
1505676053,21672460,261.86,0.68434978,0
1505676052,21672459,261.56,0.04000000,1
1505676044,21672456,261.86,0.31565022,0
1505676043,21672451,261.77,0.08707324,0
1505676042,21672449,261.77,0.23000000,0
1505676042,21672447,261.69,0.10000000,0
1505676042,21672445,261.60,0.02966300,0
1505676041,21672442,261.60,0.02033700,0
1505676041,21672441,261.60,1.00000000,0
1505676040,21672440,261.58,0.05000000,0
1505676030,21672434,261.56,0.07624769,0
1505676030,21672432,261.56,0.09724947,0
1505676030,21672431,261.56,0.31733684,0
1505676030,21672430,261.54,0.05000000,0
1505676030,21672429,261.54,0.20179968,0
1505676001,21672421,261.13,1.96427719,1
1505675999,21672419,261.48,0.03572281,1
1505675992,21672378,261.48,0.04000000,1
1505675982,21672371,261.49,0.04000000,1
1505675971,21672363,261.54,0.11439708,0
1505675971,21672362,261.51,0.05000000,0
1505675971,21672361,261.41,0.07589696,0
1505675971,21672360,261.41,0.07589696,0
1505675971,21672359,261.40,0.05000000,0
1505675920,21672295,261.38,1.74227900,1
1505675916,21672294,261.38,8.80018822,1
1505675913,21672293,261.37,0.33924715,0
1505675910,21672291,260.96,1.05000000,1
1505675910,21672290,261.28,0.02492195,1
1505675909,21672288,261.37,0.31621667,0
1505675899,21672276,261.37,2.06921608,0
1505675899,21672275,261.34,0.05000000,0
1505675899,21672274,261.33,0.00600692,0
1505675896,21672269,261.33,0.06911220,0
1505675896,21672268,261.33,0.01249580,0
1505675896,21672267,261.33,0.23000000,0
1505675895,21672264,261.28,0.05000000,0
1505675889,21672260,261.28,0.07624769,0
1505675889,21672259,261.25,0.05000000,0
1505675889,21672258,261.21,0.31767034,0
1505675889,21672256,261.19,0.05000000,0
1505675889,21672254,261.16,0.76568084,0
1505675879,21672246,261.16,0.31650261,0
1505675876,21672245,260.95,0.05000000,0
1505675876,21672244,260.95,0.31806345,0
1505675871,21672243,260.89,0.05000000,0
1505675871,21672242,260.88,0.31797585,0
1505675871,21672241,260.87,0.31759609,0
1505675871,21672240,260.85,0.05000000,0
1505675871,21672239,260.81,0.07607192,0
1505675871,21672238,260.80,2.17277052,0
1505675850,21672234,260.80,1.98765000,0
1505675814,21672225,260.80,9.55593000,0
1505675811,21672223,260.80,0.31434142,0
1505675811,21672222,260.80,0.07645612,0
1505675799,21672216,260.79,0.13912800,0
1505675799,21672215,260.75,0.05000000,0
1505675799,21672214,260.70,0.05000000,0
1505675799,21672213,260.69,0.05000000,0
1505675798,21672212,260.60,0.05000000,0
1505675798,21672211,260.58,0.31775750,0
1505675798,21672210,260.54,0.31857578,0
1505675798,21672209,260.54,0.05000000,0
1505675798,21672208,260.13,5.71217961,0
1505675797,21672206,260.13,2.75017000,0
1505675796,21672205,260.13,1.27857600,0
1505675794,21672204,260.13,10.00000000,0
1505675777,21672197,260.13,28.11360457,0
1505675776,21672196,260.12,0.09165126,0
1505675776,21672195,260.09,0.09758447,0
1505675776,21672194,260.00,0.30202470,0
1505675771,21672189,260.00,13.47300000,0
1505675770,21672187,260.00,0.39219230,0
1505675757,21672185,260.00,21.94409600,0
1505675753,21672183,260.00,0.17000000,0
1505675753,21672182,259.98,0.23000000,0
1505675750,21672180,260.00,9.74000000,0
1505675750,21672179,259.99,0.26000000,0
1505675743,21672176,260.00,4.97868700,0
1505675708,21672152,259.37,5.42376927,1
1505675708,21672150,259.38,0.31857578,1
1505675687,21672144,259.50,1.00000000,1
1505675675,21672137,259.53,0.26000000,1
1505675675,21672136,259.53,0.05000000,1
1505675675,21672135,259.54,0.23899596,1
1505675675,21672134,259.57,0.09758447,1
1505675675,21672133,259.58,0.23000000,1
1505675630,21672122,259.57,0.02794874,1
1505675630,21672121,259.68,0.09165126,1
1505675629,21672120,259.78,0.05000000,1
1505675629,21672119,259.98,0.05000000,1
1505675629,21672118,260.13,1.19841305,0
1505675629,21672117,260.12,2.80158695,0
1505675601,21672100,260.11,0.05000000,0
1505675515,21672053,260.14,0.05000000,1
1505675515,21672052,260.15,0.75413000,1
1505675514,21672051,260.29,0.05000000,1
1505675369,21671970,260.50,0.00000036,1
1505675369,21671968,260.50,1.00000000,0
1505675369,21671967,260.49,0.17073364,0
1505675357,21671950,260.30,1.00000000,0
1505675345,21671942,260.26,0.25900000,0
1505675246,21671868,260.02,0.25900000,1
1505675246,21671867,260.04,0.05000000,1
1505675246,21671866,260.10,0.10853517,1
1505675240,21671863,260.12,1.67000000,1
1505675239,21671862,260.14,0.36763926,1
1505675239,21671861,260.14,1.62001074,1
1505675239,21671860,260.19,0.04998926,1
1505675149,21671808,260.10,0.00001074,0
1505675147,21671804,260.10,0.24569900,0
1505675147,21671803,260.09,0.00000500,0
1505675146,21671801,260.09,0.50858100,0
1505675145,21671795,260.09,0.24570400,0
1505675140,21671790,260.10,0.64780300,0
1505675140,21671788,260.05,1.00000000,0
1505675122,21671783,260.20,0.10648726,1
1505675121,21671782,260.20,0.00003834,0
1505675114,21671780,260.20,0.07659444,0
1505675050,21671748,260.15,0.73158000,0
1505675019,21671728,260.00,1.26826148,0
1505675018,21671725,260.01,0.12593254,0
1505675015,21671721,260.02,1.15204868,0
1505675013,21671714,260.03,3.00000172,0
1505675012,21671712,260.03,1.26789261,0
1505675008,21671708,260.04,0.25901120,0
1505675007,21671706,260.04,2.51099996,1
1505675006,21671705,260.04,0.25900000,1
1505675006,21671704,260.04,0.23000000,0
1505675003,21671696,260.05,2.99999803,0
1505674978,21671689,259.23,6.38919200,1
1505674976,21671688,259.47,0.31775750,1
1505674976,21671687,259.68,0.07663278,1
1505674976,21671686,260.28,0.07645612,1
1505674970,21671683,260.03,0.13655000,1
1505674970,21671682,260.23,0.25900000,1
1505674968,21671681,260.47,0.14383436,1
1505674965,21671680,260.47,0.07624769,1
1505674964,21671679,260.47,0.09724947,0
1505674964,21671676,259.59,0.05000000,1
1505674964,21671675,259.68,0.07624769,1
1505674964,21671673,259.77,0.31759609,1
1505674964,21671672,259.78,0.31806345,1
1505674963,21671671,259.79,0.25985834,1
1505674962,21671668,259.79,0.00001172,0
1505674962,21671666,259.79,0.25998828,0
1505674958,21671663,260.02,0.23000000,1
1505674957,21671662,260.57,0.13629000,0
1505674948,21671645,260.58,0.13606636,0
1505674947,21671644,259.80,0.31797585,1
1505674947,21671642,259.94,0.05000000,1
1505674947,21671641,259.95,0.09724947,1
1505674947,21671640,259.99,3.57154766,1
1505674947,21671639,260.00,0.30680000,1
1505674941,21671628,260.19,0.70402685,1
1505674941,21671627,260.20,0.75403000,1
1505674928,21671619,260.19,0.26000000,1
1505674928,21671618,260.24,0.05000000,1
1505674927,21671617,260.28,0.07607192,1
1505674927,21671616,260.49,0.05000000,1
1505674927,21671615,260.69,0.05000000,1
1505674925,21671614,260.76,0.05000000,0
1505674920,21671609,260.77,0.69602238,0
1505674919,21671607,260.76,0.88870000,0
1505674919,21671605,260.76,0.75239000,0
1505674875,21671588,260.85,0.87000000,0
1505674872,21671584,259.95,0.06482685,1
1505674872,21671583,260.81,0.00010115,1
1505674871,21671582,260.86,2.89349820,0
1505674870,21671573,260.86,1.00698315,0
1505674870,21671571,260.85,0.25900000,0
1505674869,21671566,260.86,8.42379053,0
1505674869,21671561,260.86,1.26473059,0
1505674867,21671552,260.81,0.24048158,1
1505674866,21671549,260.81,0.07607192,0
1505674863,21671547,260.28,0.07607192,1
1505674863,21671545,260.36,0.25900000,1
1505674808,21671520,260.83,8.38521300,1
1505674778,21671504,260.62,1.01157389,1
1505674778,21671503,260.69,0.05000000,1
1505674778,21671502,260.75,0.05326411,1
1505674774,21671501,260.75,0.03237000,1
1505674774,21671500,260.84,0.05000000,1
1505674681,21671371,260.85,0.57045754,1
1505674681,21671370,260.86,0.75239000,1
1505674681,21671369,260.88,0.07589696,1
1505674680,21671368,261.16,0.00158250,1
1505674663,21671321,261.16,0.31491694,1
1505674663,21671317,261.17,1.79683853,0
1505674656,21671290,261.17,10.98881997,0
1505674656,21671284,260.85,2.75889260,0
1505674656,21671282,260.77,0.09694524,0
1505674656,21671281,260.75,0.08567696,0
1505674653,21671265,260.62,0.75308000,0
1505674653,21671263,260.62,0.00129500,0
1505674652,21671252,260.62,0.25770500,0
1505674592,21671165,259.90,0.64982476,0
1505674592,21671164,260.25,0.09694524,1
1505674565,21671060,260.25,0.25900000,0
1505674565,21671057,260.24,0.00000304,0
1505674565,21671055,260.24,0.25900000,1
1505674564,21671054,260.28,0.08567696,1
1505674487,21670942,260.85,0.75308000,1
1505674480,21670933,260.85,1.97159990,1
1505674480,21670932,260.90,0.11538034,1
1505674480,21670931,260.91,0.63769966,1
1505674480,21670923,260.91,0.11538034,1
1505674470,21670905,260.90,0.22903683,1
1505674463,21670892,260.90,4.70003948,1
1505674463,21670891,261.20,0.22878052,1
1505674462,21670890,261.20,43.24294000,1
1505674460,21670888,261.20,7.52827948,1
1505674457,21670869,260.90,1.80554335,1
1505674457,21670868,260.94,1.81768395,1
1505674456,21670863,260.91,0.47651100,0
1505674450,21670845,261.11,0.31656322,0
1505674449,21670843,261.11,7.52884000,0
1505674448,21670841,261.11,0.44116000,0
1505674448,21670838,261.11,0.10000000,0
1505674447,21670837,261.11,0.05000000,0
1505674447,21670836,261.03,0.05000000,0
1505674447,21670835,260.98,0.31803702,0
1505674447,21670834,260.94,0.29209370,0
1505674446,21670833,260.91,0.23601700,1
1505674443,21670821,260.83,0.05000000,0
1505674427,21670796,260.81,4.10669300,0
1505674420,21670785,260.81,0.27910415,0
1505674420,21670784,260.81,0.03769636,0
1505674417,21670782,260.81,0.03837556,0
1505674417,21670781,260.81,0.07607192,0
1505674416,21670780,260.81,0.07607192,0
1505674416,21670779,260.76,0.05000000,0
1505674416,21670778,260.69,0.21439834,0
1505674414,21670776,260.68,0.23000000,0
1505674410,21670771,260.69,0.01691497,0
1505674410,21670770,260.68,0.17709203,0
1505674405,21670766,260.63,0.23000000,0
1505674402,21670763,260.68,0.05446300,0
1505674402,21670762,260.68,0.05000000,0
1505674402,21670761,260.64,0.05000000,0
1505674402,21670760,260.50,0.05000000,0
1505674402,21670759,260.49,0.05000000,0
1505674402,21670758,260.46,0.01492012,0
1505674401,21670757,260.46,0.03507988,0
1505674401,21670756,260.45,7.97000000,0
1505674401,21670755,260.45,0.31852312,0
1505674399,21670752,260.25,0.05000000,0
1505674399,21670750,260.21,0.05000000,0
1505674399,21670749,260.20,0.05121543,0
1505674399,21670748,260.18,0.23000000,0
1505674393,21670741,260.20,0.02503226,0
1505674393,21670740,260.19,0.29371174,0
1505674390,21670733,260.19,0.02538402,0
1505674390,21670732,260.11,0.07511910,0
1505674390,21670731,260.11,0.00000088,0
1505674390,21670730,260.10,0.23000000,0
1505674386,21670721,259.46,0.31989516,1
1505674385,21670714,260.11,0.07511912,1
1505674381,21670711,260.11,0.07660167,0
1505674380,21670710,260.05,0.05000000,0
1505674380,21670709,260.02,0.31921209,0
1505674380,21670708,260.01,0.05000000,0
1505674380,21670707,259.89,0.23000000,0
1505674374,21670673,259.44,0.31990588,1
1505674370,21670658,259.42,0.14808535,0
1505674366,21670649,259.90,5.61044147,0
1505674366,21670648,259.90,0.32000000,0
1505674366,21670647,259.90,7.96996338,0
1505674366,21670646,259.90,0.65596298,0
1505674360,21670629,259.90,6.99600000,0
1505674359,21670628,259.89,0.23000000,0
1505674354,21670621,259.90,0.31803702,0
1505674352,21670611,259.90,7.97000000,0
1505674352,21670610,259.90,0.05000000,0
1505674352,21670609,259.86,0.05000000,0
1505674352,21670608,259.80,0.00000035,0
1505674352,21670607,259.79,0.32030255,0
1505674352,21670605,259.78,0.23000000,0
1505674312,21670558,259.80,0.99999965,0
1505674312,21670556,259.49,5.75000000,0
1505674311,21670554,259.49,0.32000000,0
1505674311,21670553,259.49,1.90507033,0
1505674311,21670552,259.48,9.08630402,0
1505674305,21670547,259.49,5.74652400,0
1505674304,21670546,259.49,0.31840567,0
1505674301,21670539,259.60,0.07642427,0
1505674301,21670538,259.53,0.31976821,0
1505674301,21670537,259.50,0.00002621,0
1505674301,21670536,259.49,0.91356123,0
1505674294,21670531,259.48,0.91369600,0
1505674289,21670525,259.25,0.05000000,0
1505674289,21670524,259.24,0.05000000,0
1505674288,21670523,259.05,0.05000000,0
1505674288,21670522,259.04,0.05000000,0
1505674288,21670521,259.01,0.75721998,0
1505674288,21670520,259.00,1.00000000,0
1505674285,21670519,258.95,0.10000000,0
1505674285,21670518,258.89,0.05000000,0
1505674284,21670517,258.87,0.10252244,0
1505674284,21670516,258.61,0.23000000,0
1505674284,21670515,258.60,0.00000009,0
1505674244,21670485,258.53,4.46398600,1
1505674235,21670476,258.08,3.53601398,1
1505674235,21670475,258.09,14.46398602,1
1505674225,21670470,258.60,0.82830100,0
1505674225,21670468,258.60,0.34714700,0
1505674187,21670426,258.62,1.44050912,0
1505674187,21670425,258.62,0.10252244,0
1505674187,21670424,258.62,0.10252244,0
1505674187,21670423,258.62,0.75975000,0
1505674187,21670422,258.62,0.23000000,0
1505674115,21670363,258.85,0.31921209,0
1505674107,21670353,258.33,0.05000000,1
1505674105,21670346,258.48,0.05000000,1
1505674105,21670345,258.48,0.10252244,1
1505674101,21670329,258.49,0.24462456,1
1505674101,21670328,258.49,0.10252244,1
1505674073,21670289,258.49,0.41260300,1
1505673931,21670222,258.99,0.05527464,0
1505673931,21670221,258.99,0.54947176,0
1505673930,21670220,258.86,0.75867000,0
1505673930,21670219,258.86,0.23000000,0
1505673922,21670209,258.99,1.76722000,0
1505673919,21670207,259.00,9.64957749,0
1505673919,21670206,259.00,0.72706872,0
1505673919,21670205,258.90,0.05000000,0
1505673919,21670204,258.87,0.10252244,0
1505673914,21670191,258.50,12.00922300,0
1505673913,21670189,258.50,0.26293900,0
1505673913,21670187,257.99,2.60200000,1
1505673913,21670186,257.99,0.86800000,0
1505673912,21670185,258.04,0.50000000,1
1505673912,21670184,258.14,0.05000000,1
1505673912,21670183,258.34,0.05000000,1
1505673910,21670181,258.35,0.23000000,1
1505673905,21670175,258.50,14.78275600,0
1505673898,21670159,258.50,12.27216200,0
1505673891,21670139,258.49,0.06988505,0
1505673890,21670137,258.49,1.33011495,0
1505673882,21670109,258.49,0.05000000,1
1505673882,21670108,258.49,0.22988505,1
1505673874,21670098,258.50,0.67292000,0
1505673874,21670097,258.50,0.08575000,0
1505673866,21670094,258.50,0.30925000,0
1505673839,21670058,258.50,39.60500000,0
1505673839,21670057,258.49,2.53000000,0
1505673839,21670056,258.49,0.23000000,0
1505673839,21670055,258.49,1.18000000,0
1505673817,21670038,258.48,0.10252244,1
1505673809,21670031,258.98,0.23000000,1
1505673809,21670029,258.99,0.75722000,1
1505673806,21670026,259.00,0.40101146,0
1505673806,21670024,258.99,0.30780000,0
1505673806,21670023,258.99,0.75722000,0
1505673806,21670020,258.98,0.00115000,0
1505673795,21669967,258.98,0.22885000,0
1505673788,21669947,259.00,0.51700000,0
1505673788,21669946,258.99,0.23000000,0
1505673766,21669928,259.00,0.37846225,1
1505673765,21669925,259.00,1.26661796,1
1505673764,21669920,259.00,1.26657089,1
1505673763,21669915,259.00,1.26651788,1
1505673761,21669909,259.00,1.26648986,1
1505673760,21669905,259.01,0.75722000,1
1505673758,21669901,259.00,1.20298161,1
1505673757,21669898,259.01,9.17218294,1
1505673757,21669897,259.01,0.30780000,1
1505673755,21669886,259.00,1.10337082,1
1505673753,21669881,259.00,1.11000000,1
1505673753,21669877,259.01,1.26532121,0
1505673751,21669873,259.00,1.80636970,1
1505673751,21669872,259.01,1.26558911,1
1505673749,21669869,258.97,8.86101383,0
1505673749,21669868,258.96,0.23000000,0
1505673740,21669856,258.97,3.50188100,0
1505673740,21669855,258.97,1.07312900,0
1505673734,21669848,259.00,2.73313454,0
1505673734,21669847,258.99,2.23000000,0
1505673734,21669846,258.50,3.63785746,0
1505673730,21669840,258.50,6.79000000,1
1505673730,21669839,258.55,0.05000000,1
1505673730,21669838,258.58,5.03314254,1
1505673729,21669834,258.59,64.48900000,1
1505673729,21669832,259.00,8.37860900,0
1505673729,21669831,258.98,0.75733000,0
1505673727,21669826,259.00,6.19848400,0
1505673726,21669825,259.00,6.94795400,0
1505673725,21669820,259.00,2.84489900,0
1505673724,21669815,259.00,9.74738400,0
1505673724,21669813,258.99,3.40965900,0
1505673722,21669804,258.57,1.16325877,1
1505673721,21669799,258.57,0.14119960,1
1505673720,21669793,258.57,1.26826669,1
1505673716,21669780,258.68,0.75733000,0
1505673713,21669775,258.67,0.23000000,1
1505673712,21669770,259.00,4.89636600,0
1505673712,21669769,258.99,2.03000000,0
1505673707,21669753,258.91,1.15475489,0
1505673706,21669745,259.00,13.11528850,0
1505673705,21669744,258.92,0.18444050,0
1505673686,21669728,258.87,0.26349600,0
1505673686,21669727,258.87,0.75677000,0
1505673681,21669714,258.87,0.42939000,0
1505673671,21669705,258.67,1.40592000,0
1505673657,21669688,258.85,0.00025000,1
1505673656,21669685,258.85,0.04975000,1
1505673653,21669683,258.89,0.05000000,0
1505673653,21669682,258.89,0.05000000,0
1505673653,21669680,258.89,0.05000000,0
1505673650,21669672,258.67,0.45764871,1
1505673642,21669659,258.69,1.26778390,1
1505673625,21669611,259.46,3.74897864,1
1505673625,21669610,258.92,0.18590958,1
1505673623,21669607,258.92,0.18460347,0
1505673616,21669592,258.66,4.33048538,1
1505673616,21669591,258.67,2.08000000,1
1505673605,21669584,258.67,0.09911257,1
1505673600,21669576,258.67,0.19789344,1
1505673599,21669574,258.67,0.17934248,1
1505673589,21669563,258.67,0.18040000,1
1505673584,21669550,258.67,2.13000000,1
1505673515,21669462,259.00,0.01249580,1
1505673497,21669452,259.00,0.23000000,1
1505673494,21669451,259.00,0.07660167,0
1505673489,21669448,258.48,0.32110801,1
1505673488,21669446,258.47,12.03000000,0
1505673488,21669445,258.40,0.07677990,0
1505673488,21669444,257.39,39.10176487,0
1505673487,21669442,257.40,0.54000000,0
1505673487,21669440,257.40,2.71000000,0
1505673487,21669439,257.84,0.05000000,1
1505673487,21669438,257.84,0.31976821,0
1505673486,21669437,257.88,0.07677990,1
1505673486,21669436,258.24,0.05000000,1
1505673486,21669433,258.43,0.52000000,1
1505673485,21669432,258.48,0.07660167,1
1505673485,21669431,258.59,0.05000000,1
1505673485,21669430,258.67,2.70000000,1
1505673484,21669429,258.68,18.00300000,0
1505673484,21669428,258.74,14.98200000,0
1505673484,21669427,258.86,0.00186166,1
1505673484,21669426,258.86,0.31732000,1
1505673483,21669425,258.89,0.05000000,1
1505673483,21669424,259.14,0.05000000,1
1505673483,21669423,259.15,0.05004000,0
1505673481,21669420,259.34,0.05000000,1
1505673461,21669413,259.35,0.70673000,1
1505673461,21669412,259.49,0.05000000,1
1505673374,21669376,259.50,2.02223506,0
1505673344,21669338,259.50,3.30362002,0
1505673344,21669337,259.50,3.99506012,0
1505673343,21669335,259.50,1.59417345,0
1505673342,21669334,259.49,2.78000000,0
1505673330,21669324,259.49,0.75633000,0
1505673320,21669309,258.93,0.00000044,1
1505673320,21669308,258.93,7.39594900,0
1505673318,21669303,259.00,0.13425810,1
1505673301,21669283,259.50,8.30000000,0
1505673297,21669282,259.50,0.75633000,1
1505673286,21669279,259.49,0.71165469,0
1505673285,21669277,259.48,0.75636723,0
1505673260,21669267,259.59,4.36361265,0
1505673251,21669261,259.01,2.22041837,0
1505673250,21669260,259.08,0.07642427,1
1505673250,21669259,259.18,0.05000000,1
1505673249,21669258,259.35,0.31852312,1
1505673249,21669257,259.48,0.05000000,1
1505673249,21669256,259.48,0.07624769,1
1505673249,21669255,259.48,0.31838655,0
1505673248,21669253,259.49,0.23000000,0
1505673247,21669249,259.49,0.23000000,1
1505673234,21669244,259.84,8.03241494,0
1505673215,21669220,259.48,0.99966652,1
1505673214,21669218,259.68,0.07624769,1
1505673214,21669217,259.73,0.05000000,1
1505673205,21669210,259.76,0.13455247,1
1505673204,21669209,259.76,0.24544800,1
1505673204,21669208,259.79,0.23000000,1
1505673204,21669207,259.80,0.63398000,1
1505673202,21669206,259.93,0.05000000,1
1505673202,21669205,260.08,0.05000000,1
1505673176,21669173,260.09,0.63330277,0
1505673154,21669118,259.76,0.68431212,1
1505673154,21669117,259.80,0.64395688,1
1505673154,21669116,259.96,0.38000000,1
1505673154,21669115,259.96,0.23000000,1
1505673131,21669100,260.20,0.15972329,0
1505673130,21669098,260.20,0.21756702,0
1505673091,21669071,259.95,1.02000000,0
1505673027,21668992,260.20,2.04044476,0
1505673026,21668987,260.20,0.82686307,0
1505673026,21668986,260.04,0.00186166,0
1505673024,21668981,260.04,0.31732000,1
1505673021,21668976,260.19,1.61645854,0
1505673020,21668974,260.04,0.83285729,0
1505673009,21668932,260.04,0.00418521,1
1505673007,21668924,260.04,0.83285731,1
1505673002,21668915,260.20,0.77820484,0
1505673002,21668914,260.18,0.97000000,0
1505673002,21668913,260.18,4.84000000,0
1505673002,21668912,260.13,0.31767031,0
1505673002,21668911,260.13,0.72433238,0
1505672997,21668907,260.12,0.05000000,1
1505672995,21668900,260.13,0.31767034,1
1505672991,21668884,260.20,0.24141947,1
1505672991,21668882,260.27,0.05000000,1
1505672965,21668848,260.27,4.00000000,0
1505672964,21668847,260.26,10.00000000,1
1505672931,21668805,260.28,0.03769636,1
1505672918,21668787,260.28,0.03837556,1
1505672911,21668777,260.29,0.03000000,1
1505672902,21668759,260.29,0.20000000,1
1505672896,21668747,260.78,2.17474000,1
