date,tid,price,amount,type
1505692860,21687799,1.17724,16.03845,0
1505692838,21687769,1.17724,16.03845,0
1505692388,21687446,1.17723,728.86000,0
1505692361,21687419,1.17721,26.95291,0
1505692358,21687415,1.17720,16.03886,0
1505692357,21687408,1.17721,17.02494,0
1505692332,21687382,1.17721,10.91270,0
1505692330,21687374,1.17722,49.11679,0
1505692110,21687194,1.17724,15.72084,0
1505690972,21686411,1.17017,71.01999,1
1505690685,21686249,1.17014,248.00998,1
1505690682,21686245,1.17014,163.34999,1
1505690673,21686238,1.17013,82.53999,1
1505690658,21686228,1.17032,148.15860,1
1505690656,21686223,1.17031,576.35774,1
1505690656,21686222,1.17031,206.16999,1
1505690614,21686196,1.17025,931.38998,1
1505690593,21686178,1.17021,64.60344,1
1505689685,21685555,1.17731,90.00000,0
1505689486,21685387,1.17027,70.58999,1
1505688632,21685198,1.17733,140.16918,0
1505688631,21685197,1.17733,124.90973,0
1505688628,21685192,1.17733,69.99795,0
1505688619,21685180,1.17733,70.00585,0
1505688614,21685174,1.17732,237.52356,0
1505688613,21685168,1.17732,278.65989,0
1505688196,21684968,1.17715,10.30056,0
1505688181,21684953,1.17715,0.18152,1
1505688180,21684950,1.17717,45.38725,1
1505688161,21684909,1.17733,72.08683,0
1505688099,21684854,1.17732,7.70191,0
1505688064,21684838,1.17732,79.04429,1
1505688064,21684837,1.17732,79.12771,1
1505687874,21684687,1.17733,88.91463,0
1505687868,21684679,1.17733,5.57972,0
1505687868,21684677,1.17732,79.12771,0
1505687853,21684672,1.17732,70.19391,0
1505687850,21684668,1.17733,96.94612,0
1505687848,21684667,1.17732,528.88970,0
1505687743,21684635,1.17732,18.65685,0
1505687739,21684634,1.17732,18.63304,0
1505687734,21684620,1.17732,69.96397,0
1505687721,21684568,1.17732,7.59689,1
1505687704,21684545,1.17733,620.27381,0
1505687698,21684537,1.17733,593.00421,0
1505687697,21684535,1.17733,31.51054,0
1505687695,21684532,1.17733,421.32044,0
1505687695,21684530,1.17732,171.68377,0
1505687690,21684524,1.17732,340.76338,0
1505687684,21684515,1.17732,214.08319,0
1505687679,21684505,1.17732,218.11789,0
1505687666,21684491,1.17732,629.50066,0
1505687549,21684465,1.17732,158.28579,0
1505687486,21684450,1.17732,18.16772,0
1505687352,21684378,1.17732,18.81772,0
1505687349,21684373,1.17732,59.24086,0
1505687348,21684370,1.17732,83.06150,0
1505687347,21684369,1.17732,31.69941,0
1505687335,21684359,1.17715,37.17989,0
1505687334,21684357,1.17715,8.33180,0
1505687332,21684354,1.17715,35.41444,0
1505687332,21684353,1.17715,37.35548,0
1505686997,21684186,1.17714,109.53170,0
1505686929,21684020,1.17717,59.03000,1
1505686929,21684019,1.17717,59.09671,1
1505686890,21683843,1.17732,83.04000,0
1505686861,21683698,1.17732,70.05068,0
1505686859,21683690,1.17732,69.28727,0
1505686844,21683639,1.17733,82.79000,0
1505686842,21683625,1.17733,61.43826,0
1505686838,21683610,1.17733,70.04000,0
1505686831,21683572,1.17733,70.05149,0
1505686830,21683568,1.17733,11.47198,0
1505686826,21683544,1.17733,333.50000,0
1505686801,21683435,1.17732,141.41201,0
1505686793,21683410,1.17733,7.70185,0
1505686755,21683289,1.17733,11.01986,0
1505686750,21683271,1.17733,11.02623,0
1505686741,21683239,1.17733,127.37090,0
1505686741,21683238,1.17732,0.00910,0
1505686741,21683235,1.17732,748.38000,0
1505686728,21683177,1.17717,274.99825,0
1505686715,21683132,1.17717,59.09671,0
1505686712,21683123,1.17717,59.03765,0
1505686711,21683117,1.17717,56.87739,0
1505686701,21683063,1.17716,121.79658,0
1505686701,21683061,1.17716,77.80292,0
1505686689,21683023,1.17715,199.59000,0
1505686582,21682824,1.17716,52.88000,0
1505686551,21682779,1.17717,549.99000,0
1505686550,21682776,1.17716,450.00000,0
1505686524,21682730,1.17716,59.04039,0
1505686506,21682682,1.17715,82.56000,0
1505686494,21682653,1.17715,42.25947,1
1505686491,21682633,1.17715,5.98986,0
1505686462,21682566,1.17716,158.17000,0
1505686456,21682542,1.17716,711.24000,0
1505686409,21682474,1.17714,199.42401,0
1505686346,21682305,1.17712,2149.75000,0
1505686346,21682302,1.17711,234.98433,0
1505686345,21682293,1.17711,207.53508,0
1505686341,21682260,1.17711,43.04484,0
1505686176,21681763,1.17014,47.36388,1
1505684739,21679242,1.17712,341.95440,0
1505684421,21678943,1.17013,82.50366,1
1505684193,21678823,1.17717,70.04000,0
1505684044,21678744,1.17708,83.72341,0
1505684040,21678737,1.17712,86.90701,0
1505684031,21678707,1.17710,1102.10000,0
1505683957,21678638,1.17715,531.45149,0
1505683956,21678630,1.17716,2542.15119,0
1505683858,21678552,1.17130,16.89029,0
1505683853,21678537,1.17132,16.80210,1
1505683276,21678215,1.17722,83.07636,0
1505682744,21677747,1.17717,48.40000,0
1505682733,21677735,1.17722,47.05000,0
1505682707,21677717,1.17711,47.03000,0
1505682704,21677711,1.17703,10.94143,0
1505682701,21677704,1.17706,10.94125,0
1505682592,21677621,1.17709,121.34000,0
1505682526,21677520,1.17726,247.88011,0
1505682470,21677422,1.17673,10.94332,1
1505682348,21677293,1.17130,4.69132,0
1505682257,21677204,1.17680,57.00851,0
1505682251,21677177,1.17130,10.97316,0
1505682251,21677171,1.17128,30.44610,0
1505682250,21677170,1.17128,100.38623,0
1505682249,21677163,1.17128,75.78243,0
1505682248,21677153,1.17128,10.97316,0
1505682247,21677149,1.17128,56.77548,0
1505682238,21677130,1.17011,7.27963,1
1505682237,21677127,1.17080,83.02000,0
1505682237,21677123,1.17011,67.90059,1
1505682236,21677118,1.17080,73.19138,0
1505682235,21677108,1.17011,76.38122,1
1505682233,21677104,1.17080,83.02850,0
1505682232,21677103,1.17080,20.88246,0
1505682229,21677087,1.17080,61.73614,0
1505682228,21677084,1.17080,81.27522,0
1505682227,21677082,1.17080,287.91651,0
1505682225,21677068,1.17080,38.60814,0
1505682222,21677052,1.17080,1644.84502,1
1505682222,21677049,1.17080,1422.93994,1
1505682221,21677046,1.17080,370.60168,1
1505682219,21677028,1.17080,226.60945,1
1505682218,21677016,1.17080,351.51966,1
1505682218,21677008,1.17080,1401.80996,1
1505682218,21677005,1.17080,257.77647,1
1505682217,21677002,1.17080,85.92549,1
1505682217,21676999,1.17080,411.09215,1
1505682214,21676984,1.17080,231.00089,1
1505682191,21676963,1.17128,16.33182,0
1505682189,21676957,1.17128,16.33183,0
1505682183,21676950,1.17080,164.94759,1
1505682175,21676932,1.17128,262.41185,0
1505682146,21676890,1.17080,266.11640,1
1505682139,21676869,1.17080,185.13765,1
1505682138,21676867,1.17080,194.74985,1
1505682136,21676856,1.17080,85.83405,1
1505682134,21676850,1.17080,227.27708,1
1505682128,21676815,1.17080,82.60164,1
1505682125,21676788,1.17080,279.78487,1
1505682124,21676778,1.17080,1120.75996,1
1505682122,21676769,1.17080,63.73335,1
1505682078,21676723,1.17080,40.80971,1
1505682075,21676720,1.17080,97.05931,1
1505682073,21676715,1.17080,225.43345,1
1505681800,21676551,1.17080,561.63438,1
1505681797,21676541,1.17130,1029.97262,1
1505681797,21676540,1.17130,530.44341,1
1505681795,21676530,1.17130,1659.75873,1
1505681793,21676521,1.17130,242.83307,1
1505681792,21676514,1.17130,143.39061,1
1505681789,21676499,1.17131,143.39061,1
1505681784,21676489,1.17130,1.99278,1
1505681784,21676488,1.17131,340.00000,1
1505681727,21676410,1.17135,241.15543,1
1505681683,21676331,1.17131,256.64374,1
1505681681,21676328,1.17131,147.76618,1
1505681677,21676326,1.17131,76.90853,1
1505681677,21676325,1.17132,670.00000,1
1505681663,21676297,1.17131,207.05377,1
1505681663,21676296,1.17133,747.46630,1
1505680849,21675913,1.17712,1200.71007,1
1505680736,21675843,1.17502,162.33366,0
1505680735,21675840,1.17502,747.46630,0
1505680650,21675777,1.17502,70.08155,0
1505680618,21675749,1.17502,84.80000,0
1505680412,21675630,1.17502,108.41518,0
1505680407,21675627,1.17502,23.13874,0
1505680298,21675583,1.17501,59.97999,0
1505680298,21675582,1.17501,22.58000,0
1505680231,21675515,1.17502,48.56937,0
1505679775,21675373,1.17502,24.58447,0
1505679598,21675279,1.17502,22.55281,0
1505679597,21675277,1.17502,57.55645,0
1505679597,21675275,1.17502,57.55847,0
1505679594,21675268,1.17502,22.53026,0
1505679515,21675185,1.17502,265.32983,0
1505679503,21675173,1.17502,206.10336,0
1505679477,21675141,1.17502,14.53637,0
1505679471,21675132,1.17502,132.38160,0
1505679340,21675061,1.17502,38.00886,1
1505679206,21674960,1.17502,48.84173,1
1505679205,21674958,1.17502,45.50683,1
1505679161,21674903,1.17732,69.95548,0
1505679151,21674888,1.17732,438.82421,1
1505679149,21674882,1.17732,438.60062,0
1505678897,21674639,1.17500,913.13566,0
1505678894,21674637,1.17500,86.86434,0
1505678893,21674636,1.17500,2.05818,0
1505678893,21674634,1.17500,17.06283,0
1505678892,21674631,1.17500,27.31524,0
1505678806,21674555,1.17500,0.70475,0
1505678806,21674554,1.17500,282.17602,0
1505678805,21674552,1.17500,132.50923,0
1505678782,21674548,1.17500,172.41386,0
1505678782,21674547,1.17500,36.37762,0
1505678777,21674544,1.17500,31.63000,0
1505678754,21674538,1.17500,11.13056,0
1505678754,21674537,1.17500,280.67663,0
1505678753,21674536,1.17500,667.49999,0
1505678753,21674534,1.17500,481.34999,0
1505678753,21674532,1.17500,282.23926,0
1505678752,21674530,1.17500,51.16413,0
1505678718,21674522,1.17500,11.13099,0
1505678650,21674497,1.17500,48.54467,0
1505678618,21674465,1.17500,79.34130,0
1505678617,21674462,1.17500,3.98131,0
1505678617,21674458,1.17500,646.34474,0
1505678616,21674456,1.17500,463.44395,0
1505678257,21674161,1.17500,351.06810,0
1505678156,21674042,1.17500,126.58371,0
1505678155,21674039,1.17500,397.07584,0
1505677815,21673722,1.17130,840.08833,1
1505676854,21673074,1.17500,251.81473,0
1505676854,21673069,1.17500,0.80653,0
1505676793,21672973,1.17130,407.69506,1
1505676700,21672881,1.17130,444.83907,1
1505676575,21672796,1.17130,40.41999,1
1505676572,21672789,1.17500,4.24471,0
1505676563,21672785,1.17130,181.32999,1
1505676421,21672714,1.17130,1668.79467,1
1505676129,21672560,1.17130,184.89350,1
1505676124,21672552,1.17130,2422.36998,1
1505675952,21672330,1.17130,141.91070,1
1505675773,21672192,1.17130,59.26749,1
1505675727,21672167,1.17001,48.81155,1
1505675708,21672151,1.17001,282.63723,1
1505675604,21672104,1.17001,48.72650,1
1505675529,21672068,1.17000,2.05818,1
1505675529,21672067,1.17001,340.84620,1
1505675480,21672036,1.17001,48.77737,1
1505675358,21671951,1.17001,222.70750,1
1505675115,21671781,1.17000,17.06283,1
1505675018,21671727,1.17000,28.01999,1
1505675018,21671726,1.17000,282.17602,1
1505675015,21671719,1.17000,304.92309,1
1505675014,21671716,1.17000,359.81481,1
1505675013,21671715,1.17001,12.78518,1
1505675012,21671711,1.17001,282.11521,1
1505675012,21671710,1.17001,57.62999,1
1505675007,21671707,1.17000,667.49999,1
1505675003,21671698,1.17001,111.65958,1
1505675003,21671697,1.17001,277.91999,1
1505674988,21671690,1.17001,48.64061,1
1505674963,21671670,1.17001,57.79478,1
1505674963,21671669,1.17001,57.84999,1
1505674956,21671661,1.17001,44.96927,1
1505674956,21671658,1.17001,30.39882,0
1505674952,21671653,1.17000,481.34999,1
1505674951,21671649,1.17001,268.55009,1
1505674949,21671646,1.17001,30.36843,1
1505674944,21671632,1.17001,156.78998,1
1505674930,21671622,1.17001,45.17146,0
1505674930,21671621,1.17001,111.96110,0
1505674920,21671608,1.17000,282.23926,1
1505674919,21671606,1.17001,239.82095,1
1505674918,21671604,1.17001,279.12264,1
1505674879,21671591,1.17001,559.01996,1
1505674877,21671589,1.17001,14.46013,0
1505674875,21671587,1.17000,194.16240,1
1505674872,21671585,1.17000,646.34474,1
1505674870,21671570,1.17000,941.09576,1
1505674869,21671567,1.17001,334.74185,1
1505674868,21671558,1.17001,269.45625,1
1505674865,21671548,1.17001,9.18767,1
1505674756,21671484,1.17000,648.89057,1
1505674752,21671481,1.17000,5.05124,1
1505674752,21671479,1.17001,746.98233,1
1505674747,21671477,1.17001,0.94790,1
1505674747,21671475,1.17002,140.00000,1
1505674702,21671441,1.17005,1.82052,1
1505674701,21671439,1.17006,280.00000,1
1505674701,21671437,1.17130,0.00591,1
1505674691,21671412,1.17130,310.26211,1
1505674688,21671393,1.17130,347.63718,1
1505674664,21671324,1.17130,401.32087,1
1505674663,21671318,1.17132,223.19924,0
1505674659,21671305,1.17130,102.88254,1
1505674658,21671302,1.17130,19.12965,1
1505674655,21671278,1.17130,3403.71384,1
1505674654,21671268,1.17135,225.09351,1
1505674652,21671255,1.17134,186.33037,1
1505674590,21671159,1.17130,150.54410,1
1505674586,21671133,1.17130,150.43385,1
1505674577,21671093,1.17130,357.93699,1
1505674577,21671091,1.17131,415.39009,1
1505674576,21671090,1.17132,940.00000,1
1505674391,21670737,1.17711,16.59933,1
1505674386,21670719,1.17711,16.58273,0
1505674370,21670655,1.17711,1522.03000,0
1505674370,21670654,1.17711,117.97000,0
1505673889,21670131,1.17144,136.47174,1
1505673889,21670130,1.17491,40.40278,1
1505673889,21670128,1.17502,9.62518,1
1505673888,21670123,1.17502,136.47174,1
1505673861,21670088,1.17502,68.10030,1
1505673858,21670083,1.17502,50.70567,1
1505673800,21669977,1.17503,47.35057,1
1505673792,21669964,1.17546,2106.68870,0
1505673767,21669931,1.17546,82.61254,0
1505673766,21669929,1.17546,362.11356,0
1505673765,21669926,1.17546,278.73407,0
1505673764,21669922,1.17546,278.72647,0
1505673763,21669913,1.17546,278.29049,0
1505673762,21669911,1.17546,166.68501,0
1505673762,21669910,1.17546,167.10442,0
1505673760,21669904,1.17546,279.04474,0
1505673757,21669896,1.17500,265.64906,0
1505673756,21669893,1.17500,353.72093,0
1505673755,21669890,1.17500,44.04907,0
1505673754,21669885,1.17500,243.67760,0
1505673754,21669884,1.17500,244.42785,0
1505673753,21669879,1.17500,244.18000,0
1505673753,21669875,1.17500,527.53294,0
1505673751,21669871,1.17500,27.77631,0
1505673745,21669867,1.17500,306.57806,0
1505673745,21669866,1.17500,200.66618,0
1505673744,21669865,1.17500,220.25729,0
1505673744,21669863,1.17500,40.02847,0
1505673743,21669860,1.17500,199.38260,0
1505673743,21669859,1.17500,40.39740,0
1505673731,21669843,1.17500,153.41546,0
1505673730,21669842,1.17500,248.65050,0
1505673730,21669841,1.17500,220.09664,0
1505673730,21669836,1.17500,33.66922,0
1505673729,21669833,1.17500,36.58418,0
1505673729,21669830,1.17500,53.27502,0
1505673729,21669828,1.17500,5.09898,0
1505673723,21669810,1.17500,24.22200,0
1505673722,21669805,1.17500,231.25435,0
1505673722,21669802,1.17500,31.03828,0
1505673720,21669795,1.17500,229.11295,0
1505673719,21669789,1.17500,166.56000,0
1505673713,21669773,1.17500,50.58268,0
1505673711,21669767,1.17500,50.57871,0
1505673711,21669766,1.17500,39.87073,0
1505673708,21669756,1.17500,30.18227,0
1505673708,21669754,1.17500,162.17773,0
1505673688,21669731,1.17500,57.99000,0
1505673683,21669719,1.17500,94.50000,0
1505673658,21669690,1.17500,10.99078,0
1505673656,21669686,1.17499,10.21447,0
1505673650,21669673,1.17500,100.64680,0
1505673643,21669664,1.17500,271.97149,0
1505673642,21669658,1.17500,7.63775,0
1505673631,21669631,1.17500,598.03105,0
1505673630,21669627,1.17500,227.24895,0
1505673626,21669614,1.17489,0.20324,0
1505673624,21669608,1.17489,40.44498,0
1505673600,21669577,1.17489,43.52425,0
1505673599,21669573,1.17489,41.91568,0
1505673374,21669377,1.17130,448.47606,1
1505673373,21669373,1.17130,775.58778,1
1505673368,21669365,1.17130,775.27670,1
1505673360,21669348,1.17130,774.96559,1
1505673337,21669327,1.17130,1094.33999,1
1505673330,21669323,1.17130,167.72817,1
1505673323,21669312,1.17130,358.80138,1
1505673318,21669306,1.17130,358.80138,1
1505673314,21669300,1.17130,2.15591,1
1505673314,21669299,1.17131,500.00000,1
1505673314,21669298,1.17131,70.48041,1
1505673012,21668944,1.17491,0.92539,1
1505673011,21668940,1.17491,184.15323,1
1505673008,21668927,1.17489,414.73143,0
1505672994,21668898,1.17129,229.93874,0
1505672968,21668850,1.17001,308.28962,1
1505672897,21668750,1.17000,619.36999,1
1505672892,21668725,1.17000,1303.86746,1
1505672891,21668714,1.17000,334.35437,1
1505672890,21668710,1.17000,200.66618,1
1505672890,21668707,1.17001,340.68786,1
1505672884,21668683,1.17000,220.25729,1
1505672883,21668682,1.17000,239.41107,1
1505672883,21668681,1.17000,193.81286,1
1505672880,21668674,1.17000,248.65050,1
1505672876,21668650,1.17000,220.09664,1
1505672873,21668633,1.17001,376.49150,1
1505672870,21668610,1.17000,33.66922,1
1505672867,21668598,1.17000,36.58418,1
1505672866,21668594,1.17000,53.27502,1
1505672864,21668580,1.17000,29.32098,1
1505672863,21668578,1.17001,53.08901,1
1505672859,21668555,1.17001,510.93167,1
1505672858,21668547,1.17000,829.17997,1
1505672857,21668538,1.17000,698.27680,1
1505672856,21668534,1.17000,605.66880,1
1505672854,21668524,1.17000,227.24895,1
1505672854,21668520,1.17001,696.50103,1
1505672835,21668487,1.17046,2195.57888,1
1505672820,21668455,1.17046,703.96391,1
1505672800,21668378,1.17046,219.52686,1
1505672796,21668354,1.17131,228.80710,0
1505672794,21668348,1.17046,110.34338,1
1505672790,21668330,1.17046,759.53045,1
1505672785,21668319,1.17046,11.05652,1
1505672715,21668243,1.17130,707.08845,1
1505672600,21668137,1.17130,1487.78321,1
1505672558,21668094,1.17130,1008.00999,1
1505672534,21668083,1.17130,50.30068,1
1505672531,21668081,1.17130,16.63810,1
1505672529,21668076,1.17130,326.05360,1
1505672528,21668070,1.17130,2023.32999,1
1505672527,21668064,1.17130,82.54931,1
1505672523,21668055,1.17130,838.26999,1
1505672521,21668053,1.17130,219.06068,1
1505672516,21668036,1.17130,784.37999,1
1505672516,21668035,1.17130,218.90056,1
1505672511,21668027,1.17130,784.24828,1
1505672509,21668024,1.17130,386.39439,1
1505672505,21668019,1.17130,386.39439,1
1505672492,21668004,1.17131,266.07999,0
1505672491,21668000,1.17130,232.44423,1
1505672491,21667999,1.17131,342.01519,1
1505672491,21667997,1.17131,228.90454,1
1505672488,21667985,1.17132,1.93604,1
1505672488,21667984,1.17132,678.06396,1
1505672487,21667975,1.17133,60.00000,1
1505672485,21667970,1.17132,5.79572,1
1505672480,21667967,1.17132,321.65260,1
1505672465,21667947,1.17132,22.42800,1
1505672430,21667915,1.17049,448.15416,0
1505672426,21667910,1.17050,391.78000,1
1505672301,21667683,1.17246,299.97053,1
1505672276,21667647,1.17246,38.33000,1
1505672276,21667646,1.17246,144.40000,1
1505672275,21667645,1.17246,82.39000,1
1505672253,21667625,1.17250,22.41936,0
1505672250,21667617,1.17247,82.13065,0
1505672119,21667525,1.17246,82.57522,1
1505672111,21667515,1.17246,79.67999,1
1505672111,21667514,1.17246,143.97001,1
1505672101,21667503,1.17246,79.68000,1
1505672052,21667466,1.17246,189.79105,1
1505672020,21667448,1.17246,212.11795,1
1505672004,21667430,1.17246,298.15000,1
1505671988,21667421,1.17246,15.34000,1
1505671960,21667404,1.17246,704.54187,1
1505671959,21667399,1.17246,1065.90000,1
1505671959,21667396,1.17246,563.16338,1
1505671955,21667388,1.17249,4000.00000,1
1505671954,21667384,1.17250,2025.29240,1
1505671954,21667381,1.17250,524.17000,1
1505671953,21667379,1.17250,704.82380,1
1505671953,21667377,1.17250,1180.49500,1
1505671952,21667375,1.17250,281.13654,1
1505671951,21667369,1.17250,75.29726,1
1505671947,21667356,1.17250,366.98999,1
1505671919,21667333,1.17250,162.30419,1
1505671893,21667314,1.17250,70.93643,1
1505671881,21667300,1.17250,530.94381,1
1505671861,21667271,1.17250,70.88786,1
1505671853,21667259,1.17250,46.23821,1
1505671852,21667254,1.17250,50.30509,1
1505671852,21667250,1.17250,11.39592,1
1505671848,21667214,1.17250,243.86091,1
1505671845,21667195,1.17250,227.77649,1
1505671844,21667186,1.17250,57.88624,1
1505671728,21667088,1.17739,66.53515,1
1505671727,21667086,1.17739,5.55652,1
1505671676,21667044,1.17250,90.08122,1
1505671617,21666967,1.17251,70.00000,1
1505671559,21666847,1.17251,2623.63968,1
1505671554,21666812,1.17251,2623.63968,1
1505671270,21666460,1.17251,100.00000,1
1505671028,21666365,1.17251,280.80758,1
1505670929,21666258,1.17251,222.91999,1
1505670927,21666252,1.17251,222.90999,1
1505670925,21666249,1.17251,69.95385,1
1505670798,21666133,1.17725,1427.46445,1
1505670797,21666132,1.17723,107.60097,0
1505670541,21665818,1.17250,81.43911,1
1505670538,21665811,1.17250,81.43911,1
1505670532,21665804,1.17250,1842.61607,1
1505670521,21665768,1.17250,213.11999,1
1505670517,21665757,1.17250,82.46482,1
1505670513,21665743,1.17250,218.68653,1
1505670503,21665714,1.17250,44.46909,1
1505670497,21665705,1.17250,22.37761,1
1505670488,21665685,1.17250,579.76999,1
1505670487,21665675,1.17250,24.26321,1
1505670486,21665672,1.17250,257.64587,1
1505670485,21665671,1.17250,82.53534,1
1505670485,21665668,1.17250,24.23028,1
1505670484,21665666,1.17250,24.24999,1
1505670482,21665657,1.17250,24.57999,1
1505670481,21665655,1.17250,24.23788,1
1505670480,21665653,1.17250,15.82137,1
1505670417,21665549,1.17250,112.29851,1
1505670382,21665529,1.17250,168.30704,1
1505670376,21665526,1.17250,53.49905,1
1505670372,21665515,1.17250,98.19999,1
1505670369,21665504,1.17250,136.73999,1
1505670368,21665501,1.17250,767.11301,1
1505670367,21665499,1.17250,1280.00241,1
1505670349,21665474,1.17250,436.78465,1
1505670336,21665465,1.17250,561.97868,1
1505670308,21665429,1.17250,82.19170,1
1505670303,21665420,1.17250,390.09712,1
1505670302,21665408,1.17250,78.41627,1
1505670297,21665393,1.17251,1534.05899,1
1505670297,21665392,1.17251,810.76281,1
1505670295,21665380,1.17253,304.84682,1
1505670295,21665379,1.17300,65.60000,1
1505670130,21665047,1.17301,70.00000,1
1505670090,21664960,1.17750,70.12000,0
1505670084,21664944,1.17750,69.76000,0
1505670071,21664923,1.17750,84.51274,0
1505670071,21664921,1.17750,66.39271,0
1505670055,21664862,1.17750,234.37179,0
1505670055,21664861,1.17749,1934.16247,0
1505670050,21664842,1.17749,232.62671,0
1505669911,21664607,1.17746,12.74842,0
1505669908,21664588,1.17749,167.38000,0
1505669908,21664584,1.17749,12.74842,0
1505669903,21664562,1.17750,83.05000,0
1505669902,21664556,1.17750,115.54841,0
1505669901,21664550,1.17750,207.34476,0
1505669900,21664545,1.17750,622.86390,0
1505669900,21664543,1.17750,210.37641,0
1505669899,21664539,1.17750,16.60068,0
1505669899,21664533,1.17750,14.27338,0
1505669898,21664529,1.17746,70.07425,0
1505669896,21664516,1.17747,2126.80655,0
1505669894,21664503,1.17747,47.92582,1
1505669894,21664502,1.17749,1325.07781,1
1505669893,21664490,1.17750,2.07084,0
1505669893,21664486,1.17750,59.33988,0
1505669893,21664484,1.17750,73.04561,0
1505669890,21664466,1.17749,207.31450,0
1505669448,21663627,1.17739,82.49101,0
1505669448,21663625,1.17739,40.26419,0
1505669377,21663561,1.17737,52.76146,0
1505669207,21663348,1.17737,76.95086,0
1505669198,21663332,1.17737,417.81171,0
1505669196,21663318,1.17737,127.08252,0
1505669195,21663311,1.17737,50.43784,0
1505669139,21663214,1.17741,56.92188,1
1505669139,21663212,1.17741,21.87911,1
1505669138,21663211,1.17741,390.07654,1
1505669136,21663201,1.17741,10.05497,1
1505669136,21663196,1.17741,32.03871,1
1505669134,21663187,1.17741,29.94568,1
1505669134,21663185,1.17749,153.83637,0
1505669133,21663183,1.17747,1000.00000,0
1505669133,21663181,1.17743,1480.00000,0
1505669039,21663100,1.17250,80.85462,1
1505669036,21663086,1.17250,682.53306,1
1505668866,21662864,1.17250,100.00000,1
1505668378,21662586,1.17740,11.26118,0
1505667749,21662260,1.17250,21.85014,1
1505667739,21662248,1.17250,1068.42276,1
1505667686,21662220,1.17250,80.00000,1
1505667676,21662215,1.17250,100.00000,1
1505666979,21661780,1.17745,24.83498,0
1505666944,21661741,1.17744,198.82274,0
1505666877,21661673,1.17744,125.56274,1
1505666875,21661665,1.17738,198.99492,0
1505666680,21661558,1.17349,48.61807,0
1505666521,21661425,1.17250,280.19412,1
1505666520,21661422,1.17250,6844.88637,1
1505666519,21661421,1.17250,870.26046,1
1505666519,21661418,1.17250,3285.62362,1
1505666518,21661414,1.17250,267.02148,1
1505666509,21661396,1.17251,390.54115,1
1505666505,21661386,1.17250,1329.57157,1
1505666505,21661385,1.17251,194.21842,1
1505666501,21661383,1.17251,50.14999,1
1505666499,21661379,1.17251,166.80455,1
1505666490,21661373,1.17250,210.37641,1
1505666490,21661371,1.17251,454.38358,1
1505666434,21661346,1.17250,16.60068,1
1505666433,21661343,1.17250,16.34422,1
1505666433,21661340,1.17250,59.33988,1
1505666430,21661336,1.17250,73.04561,1
1505666430,21661335,1.17251,633.26473,1
1505666430,21661333,1.17300,0.00394,1
1505666414,21661271,1.17300,63.69992,1
1505666406,21661248,1.17300,21.90614,1
1505666406,21661247,1.17350,0.00385,1
1505666401,21661238,1.17350,166.92800,1
1505666398,21661233,1.17350,1736.27958,1
1505666398,21661232,1.17351,166.92452,1
1505666397,21661229,1.17353,1.00000,1
1505666397,21661227,1.17353,199.00000,1
1505665930,21660937,1.17981,166.36000,0
1505665886,21660806,1.17353,20.00000,1
1505665817,21660700,1.17907,327.67986,0
1505665605,21660437,1.17350,180.72770,1
1505665602,21660434,1.17350,128.58820,1
1505665601,21660431,1.17350,180.54710,1
1505665546,21660393,1.17350,244.91633,1
1505665545,21660391,1.17350,166.95644,1
1505665545,21660390,1.17351,286.32722,1
1505665451,21660343,1.17350,133.57005,1
1505665369,21660245,1.17350,61.48275,1
1505665266,21660181,1.17311,82.64358,1
1505665130,21659880,1.17252,0.51023,1
1505665130,21659878,1.17253,70.00000,1
1505665126,21659856,1.17252,422.33332,1
1505665124,21659848,1.17252,1.17362,1
1505665124,21659847,1.17253,150.00000,1
1505665120,21659827,1.17253,286.33297,1
1505664917,21659140,1.17750,45.40698,0
1505664917,21659136,1.17750,60.43122,0
1505664917,21659133,1.17750,419.02560,0
1505664916,21659131,1.17750,1.61099,0
1505664916,21659130,1.17750,371.50462,0
1505664730,21658158,1.17447,85.19760,0
1505664484,21657813,1.17250,45.40698,1
1505664483,21657811,1.17250,60.43122,1
1505664483,21657810,1.17251,0.00375,1
1505664482,21657808,1.17251,355.72405,1
1505664463,21657777,1.17251,60.00000,1
1505664406,21657767,1.17251,82.63469,1
1505664392,21657735,1.17251,82.57516,1
1505664388,21657730,1.17251,31.25999,1
1505664320,21657695,1.17250,419.02560,1
1505664318,21657691,1.17250,1.61099,1
1505664318,21657690,1.17251,312.54635,1
1505664290,21657659,1.17250,371.50462,1
1505664286,21657650,1.17251,0.86172,1
1505664286,21657649,1.17252,339.07297,1
1505664265,21657613,1.17449,1717.81564,1
1505664265,21657611,1.17449,74.34999,1
1505664263,21657608,1.17449,21.60938,1
1505664262,21657604,1.17449,1000.31504,1
1505664262,21657603,1.17449,21.58440,1
1505664259,21657590,1.17449,480.09890,1
1505664258,21657585,1.17449,634.57332,1
1505664252,21657572,1.17450,1127.98338,1
1505664110,21657439,1.17449,49.65333,1
1505664109,21657434,1.17450,4937.74374,1
1505664047,21657406,1.17450,49.62999,1
1505664040,21657401,1.17450,292.67998,1
1505663969,21657373,1.17451,232.55656,1
1505663916,21657351,1.17451,53.79265,1
1505663916,21657349,1.17451,75.27684,1
1505663894,21657323,1.17451,99.77778,1
1505663861,21657312,1.17452,82.60396,0
1505663860,21657307,1.17452,21.52999,1
1505663859,21657304,1.17451,21.51447,1
1505663858,21657300,1.17451,63.85998,1
1505663820,21657289,1.17451,226.80948,1
1505663787,21657280,1.17451,14.90846,1
1505663778,21657273,1.17451,105.47378,1
1505663770,21657268,1.17251,82.40024,1
1505663769,21657267,1.17998,3082.58772,0
1505663769,21657266,1.17997,90.40000,0
1505663769,21657265,1.17997,87.68904,0
1505663769,21657264,1.17949,4000.00000,0
1505663769,21657263,1.17750,56.10504,0
1505663768,21657261,1.17750,149.18506,0
1505663768,21657259,1.17750,149.32197,0
1505663768,21657258,1.17750,135.94997,0
1505663768,21657257,1.17750,21.51577,0
1505663767,21657256,1.17750,21.53519,0
1505663767,21657255,1.17750,232.70999,0
1505663767,21657254,1.17750,82.53305,0
1505663767,21657253,1.17750,70.87421,0
1505663766,21657252,1.17750,414.69458,0
1505663766,21657251,1.17750,177.55762,0
1505663766,21657250,1.17750,177.55762,0
1505663766,21657249,1.17750,678.73597,0
1505663765,21657248,1.17750,2691.78108,0
1505663765,21657247,1.17750,1032.08735,0
1505663765,21657246,1.17750,1736.33197,0
1505663764,21657243,1.17750,1.10177,0
1505663764,21657242,1.17750,1.33105,0
1505663764,21657241,1.17750,1.45563,0
1505663764,21657239,1.17750,1065.85928,0
1505663763,21657237,1.17750,1.41470,0
1505663763,21657236,1.17750,75.93854,0
1505663763,21657235,1.17750,0.22211,0
1505663762,21657234,1.17750,493.00944,0
1505663762,21657233,1.17750,1699.89849,0
1505663762,21657232,1.17750,0.38508,0
1505663761,21657231,1.17750,113.54537,0
1505663761,21657230,1.17750,0.42520,0
1505663761,21657229,1.17750,637.70331,0
1505663760,21657228,1.17750,85.33999,0
1505663760,21657227,1.17750,345.92326,0
1505663760,21657225,1.17750,97.29024,0
1505663759,21657224,1.17750,0.51986,0
1505663759,21657223,1.17750,189.28320,0
1505663759,21657222,1.17750,696.58334,0
1505663759,21657221,1.17750,0.33285,0
1505663758,21657220,1.17750,233.04052,0
1505663758,21657219,1.17750,2546.83786,0
1505663758,21657218,1.17750,77.17845,0
1505663758,21657216,1.17750,119.42927,0
1505663757,21657215,1.17750,704.12999,0
1505663757,21657214,1.17750,25.38999,0
1505663757,21657213,1.17750,82.24401,0
1505663756,21657212,1.17750,1137.31816,0
1505663756,21657211,1.17750,0.75634,0
1505663756,21657210,1.17750,0.51317,0
1505663756,21657209,1.17750,0.66079,0
1505663755,21657208,1.17750,23.07890,0
1505663755,21657207,1.17750,524.77969,0
1505663755,21657206,1.17750,0.41271,0
1505663754,21657205,1.17750,372.08227,0
1505663754,21657204,1.17750,0.80829,0
1505663754,21657203,1.17749,1192.13885,0
1505663754,21657202,1.17749,4000.00000,0
1505663754,21657201,1.17744,1000.00000,0
1505663753,21657199,1.17743,6856.75593,0
1505663753,21657198,1.17742,490.00000,0
1505663753,21657197,1.17741,15.72890,0
1505663705,21657134,1.17250,56.10504,1
1505663700,21657132,1.17250,149.18506,1
1505663699,21657130,1.17250,149.32197,1
1505663697,21657125,1.17250,135.94997,1
1505663696,21657122,1.17250,21.51577,1
1505663613,21657080,1.17250,21.53519,1
1505663588,21657070,1.17250,232.70999,1
1505663356,21656974,1.17250,82.53305,1
1505663333,21656937,1.17250,70.87421,1
1505663322,21656929,1.17250,414.69458,1
1505663138,21656833,1.17250,177.55762,1
1505663130,21656802,1.17250,177.55762,1
1505663126,21656792,1.17250,678.73597,1
1505663122,21656790,1.17250,2691.78108,1
1505663122,21656788,1.17251,15.72890,1
1505663119,21656776,1.17251,49.12465,1
1505663117,21656772,1.17251,122.02867,1
1505663081,21656752,1.17250,1032.08735,1
1505663077,21656748,1.17250,1736.33197,1
1505663077,21656747,1.17251,206.52230,1
1505663067,21656741,1.17250,1.10177,1
1505663066,21656738,1.17251,228.22606,1
1505663052,21656729,1.17250,1.33105,1
1505663052,21656728,1.17251,252.21062,1
1505663046,21656716,1.17250,1.45563,1
1505663046,21656715,1.17251,278.71501,1
1505663002,21656648,1.17251,151.61833,1
1505663002,21656645,1.17251,86.57496,1
1505662984,21656632,1.17251,270.73544,0
1505662984,21656630,1.17250,1065.85928,1
1505662982,21656629,1.17250,1.41470,1
1505662981,21656627,1.17251,280.04542,1
1505662419,21656008,1.17251,70.79758,1
1505662418,21656004,1.17251,70.83096,1
1505662410,21655977,1.17251,1.83350,1
1505662410,21655976,1.17252,169.41000,1
1505662409,21655975,1.17252,188.82000,1
1505662369,21655882,1.17423,16.30531,0
1505662102,21655750,1.17250,75.93854,1
1505662101,21655749,1.17251,107.15190,1
1505662097,21655744,1.17250,0.22211,1
1505662097,21655743,1.17251,118.41254,1
1505661874,21655685,1.17251,47.73999,1
1505661802,21655662,1.17250,493.00944,1
1505661797,21655659,1.17250,1699.89849,1
1505661796,21655658,1.17251,128.47727,1
1505661790,21655655,1.17250,0.38508,1
1505661790,21655654,1.17251,141.97983,1
1505661780,21655643,1.17250,113.54537,1
1505661773,21655634,1.17250,0.42520,1
1505661773,21655633,1.17251,156.90030,1
1505661770,21655630,1.17250,637.70331,1
1505661770,21655627,1.17250,85.33999,1
1505661765,21655621,1.17250,345.92326,1
1505661762,21655615,1.17250,97.29024,1
1505661762,21655613,1.17251,173.38938,1
1505661751,21655589,1.17250,0.51986,1
1505661750,21655587,1.17251,191.61156,1
1505661676,21655549,1.17250,189.28320,1
1505661674,21655543,1.17250,696.58334,1
1505661674,21655540,1.17251,188.83245,1
1505661543,21655302,1.17251,47.74999,1
1505661064,21655055,1.17250,0.33285,1
1505661063,21655051,1.17251,77.02171,1
1505661063,21655050,1.17422,9.47600,1
1505661059,21655036,1.17422,127.40400,1
1505660981,21654998,1.17250,233.04052,1
1505660978,21654996,1.17250,2546.83786,1
1505660978,21654995,1.17251,85.11595,1
1505660974,21654978,1.17250,77.17845,1
1505660970,21654961,1.17250,119.42927,1
1505660969,21654956,1.17250,704.12999,1
1505660968,21654953,1.17251,119.14904,1
1505660883,21654926,1.17250,25.38999,1
1505660883,21654925,1.17251,131.67041,1
1505660852,21654871,1.17250,82.24401,1
1505660846,21654869,1.17250,1137.31816,1
1505660846,21654868,1.17251,136.88183,1
1505660819,21654851,1.17250,0.75634,1
1505660818,21654849,1.17251,151.26755,1
1505660661,21654758,1.17423,21.33182,1
1505660636,21654724,1.17421,0.12158,0
1505660635,21654722,1.17421,24.19374,0
1505660497,21654641,1.17250,0.51317,1
1505660496,21654640,1.17251,66.34028,1
1505660493,21654631,1.17251,118.41264,1
1505660360,21654561,1.17251,82.64322,1
1505660357,21654556,1.17250,0.66079,1
1505660356,21654555,1.17251,212.85348,1
1505659907,21654320,1.17251,265.81122,1
1505659743,21654281,1.17250,23.07890,1
1505659742,21654277,1.17250,524.77969,1
1505659739,21654273,1.17251,32.30410,1
1505659737,21654269,1.17251,261.71705,1
1505659735,21654266,1.17251,79.76905,1
1505659655,21654233,1.17251,20.34001,1
1505659597,21654184,1.17251,36.72999,1
1505659587,21654173,1.17251,100.00000,1
1505659568,21654150,1.17421,144.91712,0
1505659567,21654148,1.17420,21.99621,0
1505659566,21654147,1.17421,224.44024,0
1505659566,21654146,1.17421,439.41399,0
1505659565,21654141,1.17421,166.91333,0
1505659527,21654113,1.17251,228.92769,1
1505659522,21654105,1.17251,134.20972,1
1505659521,21654103,1.17251,134.21634,1
1505659491,21654086,1.17251,82.65175,1
1505659372,21653996,1.17250,0.41271,1
1505659372,21653995,1.17251,86.49853,1
1505659369,21653994,1.17251,251.49648,1
1505659364,21653977,1.17250,372.08227,1
1505659361,21653973,1.17250,0.80829,1
1505659360,21653972,1.17251,119.82574,1
1505659354,21653965,1.17251,253.68995,1
1505659349,21653952,1.17251,132.41922,1
1505659346,21653947,1.17292,108.39165,1
1505659341,21653941,1.17292,327.76143,1
1505659338,21653931,1.17292,293.21999,1
1505659338,21653929,1.17295,12.63379,1
1505658713,21653596,1.17293,18.26955,0
1505658713,21653595,1.17293,38.97255,0
1505658713,21653590,1.17293,12.96391,0
1505658710,21653574,1.17292,284.15731,1
1505658705,21653560,1.17421,509.16783,0
1505658704,21653559,1.17421,44.87724,0
1505658704,21653556,1.17421,365.76391,0
1505658704,21653555,1.17293,0.25388,0
1505658693,21653486,1.17293,143.54612,0
1505658693,21653485,1.17293,145.01000,0
1505658572,21653392,1.17292,185.31169,1
1505658568,21653389,1.17292,185.31169,1
1505658315,21653229,1.17292,305.47444,1
1505658313,21653227,1.17293,84.35458,1
1505658293,21653215,1.17293,32.04999,0
1505658293,21653214,1.17292,196.95002,1
1505658293,21653213,1.17292,134.28999,1
1505658292,21653210,1.17292,154.41190,1
1505658291,21653208,1.17293,32.05000,1
1505658289,21653204,1.17293,80.75683,1
1505658285,21653198,1.17293,48.80144,1
1505658276,21653195,1.17292,32.02146,1
1505658276,21653193,1.17293,446.75001,1
1505658253,21653166,1.17293,82.63921,1
1505658253,21653165,1.17293,392.17079,1
1505658253,21653163,1.17293,111.25191,1
1505658251,21653153,1.17293,82.64000,1
1505658248,21653140,1.17421,65.10186,0
1505658247,21653138,1.17421,79.13423,0
1505658235,21653118,1.17293,483.18999,1
1505658229,21653111,1.17293,617.70573,1
1505658226,21653101,1.17294,617.70573,1
1505658225,21653099,1.17293,265.63828,1
1505658221,21653086,1.17293,265.53103,1
1505658218,21653074,1.17293,344.07016,1
1505658213,21653031,1.17292,556.48230,1
1505658213,21653029,1.17293,244.70955,1
1505658210,21653014,1.17293,159.23322,1
1505658208,21653002,1.17294,1058.26733,1
1505658206,21652996,1.17293,388.32373,1
1505658204,21652977,1.17292,892.57190,1
1505658203,21652974,1.17298,60.82648,1
1505658203,21652970,1.17298,21.71631,1
1505658202,21652961,1.17292,275.95239,1
1505658201,21652956,1.17292,67.69184,1
1505658201,21652953,1.17294,571.22686,1
1505658201,21652950,1.17294,60.82946,1
1505658200,21652940,1.17295,1006.89998,0
1505658198,21652922,1.17296,280.23373,1
1505658197,21652912,1.17295,138.09050,1
1505658196,21652897,1.17295,154.32648,1
1505658194,21652867,1.17294,91.17981,1
1505658194,21652865,1.17295,970.00000,1
1505658193,21652860,1.17422,251.20185,1
1505658192,21652843,1.17293,151.81539,1
1505658192,21652841,1.17420,44.87724,1
1505658192,21652840,1.17421,51.30011,1
1505658192,21652835,1.17421,201.16406,1
1505658191,21652830,1.17421,257.53583,1
1505657929,21652432,1.17991,60.95381,0
1505657891,21652413,1.17887,21.52061,1
1505657891,21652412,1.17890,46.63443,1
1505657876,21652398,1.17888,717.45717,0
1505657875,21652396,1.17888,47.74870,0
1505657848,21652351,1.17887,309.64777,0
1505657823,21652317,1.17887,55.51724,0
1505657813,21652284,1.17888,467.86667,0
1505657209,21651774,1.17888,781.68485,0
1505657204,21651762,1.17888,1308.32985,0
1505657138,21651681,1.17888,1843.04617,0
1505657122,21651668,1.17888,499.77653,0
1505657111,21651661,1.17888,219.60487,0
1505657094,21651649,1.17888,70.04000,0
1505657093,21651646,1.17888,520.19803,0
1505657037,21651586,1.17888,195.25963,0
1505657036,21651580,1.17888,428.12169,0
1505657036,21651578,1.17885,0.00831,0
1505656997,21651519,1.17885,221.88000,0
1505656986,21651500,1.17885,70.04282,0
1505656925,21651391,1.17885,165.80849,0
1505656919,21651367,1.17885,248.27000,0
1505656912,21651335,1.17885,82.80582,0
1505656909,21651326,1.17885,82.73000,0
1505656887,21651232,1.17885,60.96456,0
1505656886,21651230,1.17883,436.72544,0
1505656734,21651037,1.17883,45.56000,0
1505656727,21651027,1.17885,67.49000,0
1505655774,21650268,1.17886,1914.81193,0
1505655774,21650267,1.17750,16.12403,0
1505655579,21650026,1.17418,7.83856,0
1505655579,21650023,1.17418,29.35094,0
1505655579,21650022,1.17363,7.83856,0
1505655578,21650015,1.17363,37.00355,0
1505655577,21650011,1.17365,210.99818,1
1505655577,21650009,1.17365,225.57000,1
1505655576,21650004,1.17365,225.13557,1
1505655571,21649978,1.17699,138.89500,1
1505655570,21649975,1.17752,948.60612,1
1505655570,21649968,1.17752,39.04781,1
1505655569,21649963,1.17752,443.19992,1
1505655567,21649950,1.17753,16.32783,1
1505655517,21649863,1.17888,83.18597,0
1505655469,21649790,1.17888,69.90355,0
1505655464,21649779,1.17888,491.74000,0
1505655458,21649758,1.17888,83.38299,0
1505655452,21649731,1.17888,53.16061,0
1505655448,21649714,1.17888,2161.80344,0
1505655445,21649704,1.17888,64.94595,0
1505655445,21649701,1.17888,605.43191,0
1505655442,21649695,1.17888,83.11298,0
1505655442,21649689,1.17888,28.05078,0
1505655441,21649682,1.17888,2095.50888,0
1505655441,21649680,1.17888,206.21938,0
1505655439,21649672,1.17888,47.97781,0
1505655439,21649669,1.17888,206.72842,0
1505655439,21649667,1.17888,62.28320,0
1505655438,21649664,1.17888,60.74243,0
1505655435,21649646,1.17888,70.04197,0
1505655434,21649639,1.17888,950.91580,0
1505655433,21649637,1.17887,62.37889,1
1505655432,21649633,1.17888,28.93976,0
1505655430,21649619,1.17888,72.35390,0
1505655429,21649618,1.17887,0.81610,0
1505655429,21649617,1.17887,425.11699,0
1505655424,21649605,1.17887,103.54475,0
1505655410,21649569,1.17887,83.01000,0
1505655406,21649545,1.17887,363.06464,0
1505655405,21649538,1.17887,166.21916,0
1505655404,21649533,1.17887,166.21000,0
1505655402,21649526,1.17887,362.91476,0
1505655396,21649500,1.17887,56.68424,0
1505655395,21649494,1.17887,9.08583,0
1505655394,21649492,1.17887,362.61522,0
1505655392,21649486,1.17888,13.32064,0
1505655390,21649484,1.17888,2065.42028,0
1505655390,21649483,1.17887,551.39329,0
1505655388,21649476,1.17887,23.12932,0
1505655388,21649475,1.17887,331.28000,0
1505655387,21649471,1.17887,573.85575,0
1505655368,21649422,1.17888,618.23298,0
1505655366,21649417,1.17888,70.04123,0
1505655359,21649398,1.17887,0.27111,0
1505655357,21649388,1.17887,62.38239,0
1505655355,21649372,1.17887,171.22000,0
1505655352,21649360,1.17887,178.72046,0
1505655337,21649330,1.17887,48.42293,0
1505655334,21649325,1.17887,48.42293,0
1505655316,21649285,1.17887,166.00000,0
1505655302,21649266,1.17888,619.40492,0
1505655300,21649261,1.17888,153.58507,0
1505655295,21649251,1.17888,153.59399,0
1505655289,21649240,1.17888,143.83514,0
1505655289,21649237,1.17888,847.75806,0
1505655288,21649236,1.17888,90.23143,0
1505655287,21649232,1.17888,71.09668,0
1505655284,21649221,1.17888,15.59419,0
1505655283,21649218,1.17888,153.57228,0
1505655281,21649213,1.17888,13.60835,0
1505655280,21649208,1.17888,15.89665,0
1505655276,21649193,1.17888,1294.57862,0
1505655276,21649187,1.17887,81.50657,0
1505655273,21649174,1.17888,83.00000,0
1505655263,21649104,1.17888,2045.23830,0
1505655263,21649100,1.17887,1419.10170,0
1505655262,21649096,1.17887,150.00000,0
1505655261,21649085,1.17888,811.12730,0
1505655261,21649084,1.17887,150.00270,0
1505655261,21649082,1.17887,1286.65000,0
1505655261,21649081,1.17800,150.00000,0
1505655250,21649023,1.17792,1227.65739,0
1505655243,21648998,1.17792,2395.12000,0
1505655242,21648995,1.17792,28.99309,0
1505655242,21648984,1.17792,131.89053,0
1505655239,21648972,1.17792,216.33899,0
1505655197,21648886,1.17750,2.42684,0
1505655194,21648880,1.17750,448.53983,0
1505655194,21648879,1.17750,251.88000,0
1505655193,21648877,1.17750,115.81001,0
1505655193,21648876,1.17750,166.51999,0
1505655193,21648875,1.17750,89.53000,0
1505655193,21648874,1.17750,54.21001,0
1505655192,21648873,1.17750,70.88999,0
1505655192,21648871,1.17750,235.90086,0
1505655189,21648869,1.17750,419.16021,0
1505655188,21648868,1.17750,165.18302,0
1505655188,21648867,1.17750,1039.00221,0
1505655188,21648865,1.17750,165.42580,0
1505655186,21648861,1.17750,26.40639,0
1505655185,21648859,1.17750,21.07364,0
1505655185,21648857,1.17750,35.34997,0
1505655185,21648853,1.17750,607.26407,0
1505655184,21648850,1.17750,225.91934,0
1505655184,21648849,1.17750,7.08029,0
1505655184,21648848,1.17750,13.76999,0
1505655183,21648847,1.17750,7.07321,0
1505655183,21648845,1.17750,634.08431,0
1505655177,21648832,1.17750,559.02619,0
1505655177,21648830,1.17750,707.38864,0
1505655175,21648824,1.17750,444.77851,0
1505655175,21648823,1.17750,53.83999,0
1505655174,21648822,1.17750,35.54002,0
1505655174,21648821,1.17750,71.09999,0
1505655174,21648819,1.17750,661.15632,0
1505655169,21648813,1.17750,531.38994,0
1505655169,21648812,1.17750,71.10000,0
1505655169,21648810,1.17750,86.16166,0
1505655168,21648809,1.17750,20.80700,0
1505655168,21648808,1.17750,20.78620,0
1505655168,21648805,1.17750,1057.11838,0
1505655166,21648802,1.17750,27.74482,0
1505655165,21648801,1.17750,80.16741,0
1505655165,21648800,1.17750,276.93996,0
1505655165,21648799,1.17750,349.07999,0
1505655164,21648797,1.17750,1052.72183,0
1505655163,21648793,1.17750,431.25820,0
1505655163,21648792,1.17750,276.93997,0
1505655163,21648791,1.17750,1646.90051,0
1505655162,21648789,1.17750,186.15951,0
1505655162,21648788,1.17750,587.20862,0
1505655162,21648786,1.17750,206.80488,0
1505655161,21648785,1.17750,165.17687,0
1505655161,21648784,1.17750,114.11297,0
1505655161,21648782,1.17750,526.47201,0
1505655159,21648778,1.17750,564.15076,0
1505655158,21648776,1.17749,1220.13820,0
1505655155,21648771,1.17750,5.60516,0
1505655154,21648770,1.17750,206.47850,0
1505655154,21648769,1.17750,1096.22793,0
1505655154,21648765,1.17750,474.43110,0
1505655153,21648764,1.17749,0.82747,0
1505655148,21648754,1.17749,487.09486,0
1505655144,21648739,1.17749,100.84955,0
1505655140,21648735,1.17749,100.84955,0
1505655130,21648722,1.17749,116.96904,1
1505655130,21648721,1.17750,4419.58888,0
1505655129,21648717,1.17750,2523.92999,0
1505655129,21648715,1.17750,276.27248,0
1505655128,21648712,1.17750,11.81865,0
1505655123,21648699,1.17749,1137.09836,0
1505655119,21648657,1.17749,83.00000,0
1505655118,21648647,1.17749,131.05000,1
1505655118,21648645,1.17750,22.38205,0
1505655117,21648644,1.17750,207.14220,0
1505655117,21648643,1.17750,71.02531,0
1505655117,21648640,1.17750,70.56662,0
1505655114,21648628,1.17749,203.24000,0
1505655114,21648626,1.17749,371.11618,0
1505655113,21648622,1.17749,129.49851,0
1505655113,21648619,1.17723,9.52999,0
1505655109,21648609,1.17697,71.90826,0
1505655108,21648606,1.17697,139.08992,0
1505655102,21648585,1.17697,1680.54000,0
1505655094,21648575,1.17697,122.97678,0
1505655067,21648535,1.17697,83.02000,0
1505655045,21648520,1.17697,166.03000,0
1505655044,21648518,1.17697,83.02000,0
1505655044,21648516,1.17697,295.26665,0
1505655034,21648494,1.17697,83.01000,0
1505655023,21648482,1.17697,83.01000,0
1505655012,21648454,1.17697,236.51000,0
1505654979,21648404,1.17697,29.69000,0
1505654967,21648395,1.17696,1586.42000,0
1505654953,21648377,1.17696,223.76550,0
1505654943,21648361,1.17696,2052.09377,0
1505654936,21648349,1.17696,22.42000,0
1505654924,21648339,1.17693,0.43443,0
1505654923,21648335,1.17693,225.14557,0
1505654915,21648288,1.17693,774.42000,0
1505654776,21648230,1.17692,439.53006,0
1505654703,21648180,1.17692,34.08276,0
1505654699,21648177,1.17692,129.96745,0
1505654624,21648136,1.17691,290.07094,1
1505654623,21648134,1.17692,21.68505,0
1505654580,21648091,1.17689,265.88531,0
1505654527,21648007,1.17691,70.16062,0
1505654522,21647993,1.17685,60.30516,0
1505653408,21647356,1.17691,610.70934,0
1505653051,21647120,1.17002,966.52892,1
1505652815,21646928,1.17691,808.60005,0
1505649685,21645613,1.17002,11.50674,1
1505649680,21645609,1.17002,11.50674,1
1505649157,21645340,1.17001,20.06505,1
1505649157,21645339,1.17002,49.93495,1
1505649156,21645338,1.17100,0.16368,1
1505649154,21645334,1.17250,49.92149,0
1505649138,21645316,1.17100,32.57252,1
1505649096,21645295,1.17100,20.84614,1
1505649095,21645292,1.17100,36.63349,1
1505649092,21645282,1.17100,16.52417,1
1505648966,21645223,1.17001,0.13347,1
1505648966,21645220,1.17001,32.09876,1
1505648962,21645207,1.17001,48.16212,1
1505648929,21645170,1.17250,450.96667,1
1505648927,21645169,1.17250,251.88000,1
1505648914,21645162,1.17250,115.81001,1
1505648907,21645159,1.17250,166.51999,1
1505648880,21645141,1.17250,89.53000,1
1505648871,21645131,1.17250,54.21001,1
1505648870,21645129,1.17250,70.88999,1
1505648851,21645107,1.17250,655.06107,1
1505648849,21645104,1.17250,165.18302,1
1505648846,21645099,1.17250,1039.00221,1
1505648845,21645091,1.17250,165.42580,1
1505648842,21645088,1.17250,47.48003,1
1505648841,21645087,1.17250,35.34997,1
1505648838,21645080,1.17250,607.26407,1
1505648835,21645069,1.17250,225.91934,1
1505648832,21645063,1.17250,7.08029,1
1505648830,21645059,1.17250,13.76999,1
1505648824,21645048,1.17250,7.07321,1
1505648823,21645044,1.17250,1193.11050,1
1505648814,21645018,1.17250,1152.16715,1
1505648814,21645015,1.17250,53.83999,1
1505648813,21645014,1.17250,35.54002,1
1505648813,21645013,1.17250,71.09999,1
1505648809,21645003,1.17250,1192.54626,1
1505648703,21644966,1.17250,71.10000,1
1505648694,21644960,1.17250,86.16166,1
1505648679,21644948,1.17250,20.80700,1
1505648674,21644946,1.17250,20.78620,1
1505648612,21644922,1.17250,1084.86320,1
1505648541,21644865,1.17250,80.16741,1
1505648540,21644863,1.17250,276.93996,1
1505648478,21644843,1.17250,349.07999,1
1505648478,21644842,1.17250,1483.98003,1
1505648477,21644841,1.17250,276.93997,1
1505648475,21644835,1.17250,1833.06002,1
1505648441,21644822,1.17250,587.20862,1
1505648438,21644817,1.17250,206.80488,1
1505648427,21644794,1.17250,165.17687,1
1505648422,21644787,1.17250,114.11297,1
1505648421,21644784,1.17250,1096.22793,1
1505648421,21644780,1.17250,206.47850,1
1505648417,21644772,1.17250,1096.22793,1
1505648413,21644765,1.17250,4894.01998,1
1505648412,21644762,1.17250,2523.92999,1
1505648132,21644543,1.17250,276.27248,1
1505648132,21644538,1.17250,34.20070,1
1505648131,21644533,1.17250,207.14220,1
1505648064,21644500,1.17250,71.02531,1
1505648051,21644497,1.17250,70.56662,1
1505647950,21644402,1.17655,79.19765,0
1505647449,21644143,1.17092,577.58505,1
1505647446,21644122,1.17092,2.78784,1
1505647445,21644120,1.17093,480.00000,1
1505647344,21644062,1.17093,39.15872,1
1505647344,21644061,1.17093,67.89999,1
1505647343,21644059,1.17093,83.75414,1
1505647342,21644057,1.17092,63.65025,1
1505647339,21644055,1.17092,338.80578,1
1505647339,21644053,1.17095,560.26422,1
1505647339,21644052,1.17095,200.00000,1
1505647338,21644051,1.17092,3017.17108,1
1505647338,21644050,1.17093,560.26900,1
1505647332,21644039,1.17114,1699.30551,0
1505647331,21644033,1.17094,67.57934,1
1505647330,21644029,1.17093,1689.98147,1
1505647325,21644017,1.17113,1819.96722,1
1505647324,21644013,1.17109,1085.52225,0
1505647323,21644009,1.17112,129.99000,1
1505646784,21643718,1.17697,205.31465,0
1505646783,21643711,1.17697,204.91280,0
1505646781,21643704,1.17697,223.68942,0
1505646755,21643684,1.17697,277.83508,0
1505646755,21643683,1.17692,1634.25955,0
1505646755,21643681,1.17692,131.25560,0
1505646753,21643675,1.17697,14.17644,0
1505646753,21643673,1.17693,131.91518,0
1505646752,21643669,1.17692,131.80933,0
1505646750,21643666,1.17678,1116.34720,1
1505646749,21643663,1.17675,794.64840,0
1505646749,21643662,1.17592,0.05490,0
1505646743,21643659,1.17592,59.61109,0
1505646738,21643655,1.17592,251.84008,0
1505646680,21643620,1.17592,324.95480,0
1505646677,21643595,1.17592,325.36327,0
1505646676,21643593,1.17591,0.11850,0
1505646672,21643587,1.17591,129.88976,0
1505646666,21643581,1.17591,224.33000,0
1505646666,21643580,1.17590,130.00000,0
1505646465,21643484,1.17591,49.34434,0
1505646465,21643481,1.17590,250.00000,0
1505646464,21643479,1.17591,273.96317,0
1505646462,21643472,1.17591,274.60489,0
1505646462,21643469,1.17588,98.15775,0
1505646460,21643464,1.17589,37.40503,0
1505646460,21643461,1.17590,97.99000,1
1505646458,21643460,1.17590,20.07217,0
1505646455,21643450,1.17591,47.74934,0
1505646451,21643438,1.17590,861.90181,0
1505646451,21643437,1.17589,730.00000,0
1505646448,21643417,1.17589,255.12590,0
1505646448,21643409,1.17589,31.64090,0
1505646443,21643368,1.17589,355.97464,0
1505646304,21643294,1.16902,38.17867,0
1505646303,21643293,1.16902,1038.54412,1
1505646302,21643289,1.16902,391.45588,1
1505645659,21642984,1.17590,88.19024,0
1505645658,21642981,1.17590,88.18776,0
1505645621,21642923,1.16901,68.17087,1
1505645620,21642919,1.17590,295.31003,0
1505645620,21642912,1.17589,110.99520,0
1505645619,21642904,1.17589,149.39320,0
1505644979,21642463,1.17496,98.16918,0
1505644943,21642361,1.16901,233.60999,1
1505644604,21642291,1.16901,277.72692,1
1505644400,21642179,1.17498,0.73520,1
1505644398,21642174,1.17498,146.30480,1
1505644181,21642005,1.17499,9.10760,0
1505644181,21642004,1.17498,63.06758,0
1505644181,21642003,1.17498,236.77566,0
1505644181,21642001,1.17498,210.15676,0
1505644112,21641948,1.17498,153.68948,0
1505644096,21641925,1.17498,857.87842,0
1505644041,21641848,1.17497,233.24969,0
1505644036,21641831,1.17498,543.95563,0
1505643730,21641664,1.16898,50.00000,0
1505643362,21641276,1.16923,92.97323,1
1505643361,21641274,1.16924,2091.86410,1
1505643360,21641269,1.16923,546.14170,1
1505643358,21641252,1.16922,13.06406,1
1505643357,21641249,1.16923,1420.00000,1
1505643357,21641243,1.16923,2091.85997,1
1505643356,21641233,1.16922,85.91020,1
1505643280,21641140,1.17193,117.20756,1
1505643112,21641024,1.17592,148.64955,0
1505643018,21640976,1.17592,27.51968,0
1505643018,21640974,1.17592,27.47788,0
1505642998,21640950,1.17592,1342.92898,0
1505642996,21640944,1.17592,1342.92898,0
1505642993,21640935,1.17592,148.67079,0
1505642993,21640934,1.17497,3.60996,0
1505642988,21640929,1.17497,1345.41268,0
1505642978,21640921,1.17497,212.04770,0
1505642972,21640891,1.17497,25.19241,0
1505642842,21640820,1.17497,362.11385,0
1505642736,21640717,1.17496,70.93851,0
1505642728,21640692,1.17390,14.48773,0
1505642658,21640633,1.17392,22.85139,1
1505642658,21640632,1.17392,48.08713,1
1505642575,21640447,1.17497,30.66366,0
1505642541,21640378,1.17497,61.42000,0
1505642541,21640376,1.17497,254.07000,0
1505642540,21640374,1.17497,80.29266,0
1505642534,21640365,1.17497,30.75451,0
1505642502,21640331,1.17497,57.96837,0
1505642498,21640323,1.17497,44.82394,0
1505642494,21640322,1.17392,50.00000,1
1505642489,21640307,1.17497,150.74669,0
1505642487,21640299,1.17497,147.76441,0
1505642484,21640294,1.17497,65.68677,0
1505642468,21640283,1.17497,21.09097,0
1505642461,21640273,1.17497,117.41263,0
1505642452,21640254,1.17497,48.76609,0
1505642449,21640248,1.17497,255.32567,0
1505642448,21640239,1.17497,127.20323,0
1505642447,21640234,1.17497,128.45377,0
1505642438,21640211,1.17497,429.18003,0
1505642438,21640209,1.17496,1.37810,0
1505642437,21640207,1.17496,367.73965,0
1505642433,21640195,1.17392,392.14065,0
1505642432,21640189,1.17392,98.08713,0
1505642427,21640180,1.17392,47.66099,0
1505642426,21640176,1.17392,261.62509,0
1505642422,21640167,1.17392,406.91000,0
1505642421,21640165,1.17392,218.21051,0
1505642416,21640160,1.17392,218.06075,0
1505642410,21640148,1.17392,260.98170,0
1505642409,21640146,1.17392,260.38000,0
1505642389,21640126,1.17392,58.05966,0
1505642275,21640048,1.17392,20.96000,0
1505642275,21640045,1.17392,121.42459,0
1505642247,21640020,1.17392,210.91789,0
1505642245,21640017,1.17392,1216.89977,0
1505642241,21640011,1.17392,207.68127,0
1505642221,21639947,1.17306,91.13746,0
1505642212,21639923,1.17193,660.00000,1
1505642212,21639915,1.17306,3908.86254,0
1505642212,21639910,1.17240,0.03438,0
1505642212,21639908,1.17240,6.84143,0
1505642211,21639905,1.17239,891.69185,0
1505642211,21639902,1.17192,3208.43155,0
1505642209,21639884,1.17191,255.99017,0
1505642207,21639875,1.17191,930.00000,0
1505642204,21639850,1.17192,273.04601,0
1505642173,21639814,1.17192,130.36789,0
1505642169,21639805,1.17192,130.17095,0
1505642168,21639800,1.17192,237.82754,0
1505642163,21639785,1.17192,20.15606,0
1505642163,21639782,1.17190,277.08554,0
1505642161,21639776,1.17191,21.03599,0
1505642159,21639768,1.17191,1951.57001,0
1505642155,21639754,1.17191,1951.04715,0
1505642139,21639710,1.17190,130.06834,0
1505642135,21639689,1.17190,259.85000,0
1505642132,21639662,1.17190,1291.38291,0
1505642130,21639646,1.17190,103.16683,0
1505642115,21639597,1.17179,165.59342,0
1505642109,21639571,1.17001,3.18197,0
1505642107,21639567,1.17001,1238.17940,0
1505642093,21639549,1.17001,969.24000,0
1505642092,21639547,1.17001,1283.94027,0
1505642091,21639542,1.17001,42.17000,0
1505642091,21639540,1.17001,314.16824,0
1505642078,21639521,1.17001,149.12012,0
1505642050,21639447,1.17000,68.08977,1
1505642038,21639417,1.17000,1190.61748,0
1505642038,21639415,1.17000,851.67435,0
1505642037,21639410,1.17000,116.23000,0
1505642035,21639404,1.17000,116.17000,0
1505642032,21639400,1.17000,48.50000,0
1505642029,21639390,1.17000,211.48219,0
1505642026,21639374,1.17000,211.48219,0
1505642025,21639372,1.17000,211.36892,0
1505642024,21639369,1.17000,208.89098,0
1505642022,21639359,1.17000,210.64394,0
1505642022,21639355,1.17000,389.17336,0
1505642021,21639352,1.17000,1439.95703,0
1505642020,21639348,1.17000,126.67854,0
1505642018,21639340,1.17000,100.33641,0
1505642014,21639325,1.17000,1770.34348,0
1505642009,21639315,1.16999,537.94000,0
1505642004,21639300,1.17000,494.83000,0
1505642002,21639294,1.17000,44.75694,0
1505642000,21639282,1.16999,767.63000,0
1505641997,21639270,1.16998,63.26000,0
1505641996,21639266,1.16999,141.48996,0
1505641995,21639262,1.17000,207.96719,0
1505641994,21639259,1.17000,51.26915,0
1505641994,21639257,1.17000,1085.59000,0
1505641993,21639255,1.17000,11.28277,0
1505641993,21639251,1.17000,169.43363,0
1505641992,21639249,1.17000,143.03829,0
1505641991,21639245,1.17000,90.49960,0
1505641991,21639243,1.17000,66.63162,0
1505641990,21639237,1.17000,138.51002,0
1505641990,21639234,1.17000,30.88851,0
1505641989,21639233,1.16999,187.13272,0
1505641986,21639216,1.16999,208.23275,0
1505641985,21639207,1.16999,208.41009,0
1505641960,21639170,1.17000,279.75149,0
1505641960,21639167,1.17000,86.21397,0
1505641959,21639165,1.17000,165.78000,0
1505641959,21639162,1.16999,461.15086,0
1505641958,21639161,1.16999,169.52625,0
1505641958,21639158,1.16999,34.79877,0
1505641957,21639155,1.16999,307.64547,0
1505641957,21639153,1.16999,21.37000,0
1505641949,21639130,1.16999,492.89399,0
1505641932,21639091,1.16999,92.33000,0
1505641920,21639049,1.16999,691.08000,0
1505641916,21639032,1.17000,48.96472,0
1505641915,21639026,1.17000,198.93228,0
1505641915,21639023,1.17000,70.00000,0
1505641915,21639020,1.17000,86.21044,0
1505641914,21639018,1.17000,152.68541,0
1505641914,21639016,1.17000,86.21397,0
1505641914,21639014,1.17000,192.32511,0
1505641914,21639010,1.17000,1049.18279,0
1505641910,21638998,1.17000,127.70771,0
1505641910,21638996,1.16999,264.61117,0
1505641909,21638988,1.16999,222.23000,0
1505641904,21638970,1.16999,543.04148,0
1505641901,21638964,1.16999,153.72031,0
1505641894,21638917,1.16999,275.90236,0
1505641891,21638898,1.16999,115.45939,0
1505641885,21638882,1.16998,31.11862,1
1505641882,21638876,1.16999,105.22878,0
1505641882,21638875,1.17000,558.20912,0
1505641881,21638874,1.17000,148.54181,0
1505641881,21638872,1.17000,636.65000,0
1505641881,21638871,1.17000,113.29330,0
1505641880,21638867,1.16999,37.25930,0
1505641880,21638865,1.16999,217.87109,0
1505641879,21638858,1.17000,83.53670,0
1505641879,21638856,1.17000,8.06774,0
1505641879,21638853,1.17000,101.06000,0
1505641878,21638851,1.17000,86.19982,0
1505641878,21638847,1.17000,493.00733,0
1505641878,21638842,1.17000,52.66916,0
1505641877,21638837,1.16999,835.75925,0
1505641877,21638835,1.16999,163.56000,0
1505641877,21638823,1.16999,256.41245,1
1505641874,21638795,1.17000,45.72740,0
1505641874,21638786,1.16999,355.12910,0
1505641874,21638784,1.16999,163.56000,0
1505641873,21638778,1.16999,217.72133,0
1505641873,21638775,1.16999,153.52000,0
1505641852,21638711,1.16999,79.86573,0
1505641850,21638699,1.16999,77.88620,0
1505641849,21638695,1.16999,74.58336,0
1505641848,21638694,1.16999,73.37798,0
1505641841,21638669,1.16998,84.35310,0
1505641840,21638667,1.16998,130.33000,0
1505641818,21638615,1.16998,67.89454,0
1505641813,21638603,1.16998,67.89454,0
1505641812,21638596,1.16998,212.78334,0
1505641803,21638578,1.16995,80.84537,0
1505641788,21638534,1.16995,68.06000,0
1505641786,21638525,1.16995,851.09463,0
1505641785,21638523,1.16995,239.24537,0
1505641767,21638485,1.16995,426.97258,0
1505641537,21638321,1.16995,16.65072,0
1505641532,21638317,1.16995,153.95310,0
1505641532,21638316,1.16995,16.17914,0
1505641523,21638301,1.16995,394.87392,0
1505641523,21638300,1.16993,0.00608,0
1505641523,21638296,1.16993,44.47000,0
1505641519,21638282,1.16993,29.05165,0
1505641510,21638273,1.16993,28.95000,0
1505641410,21638212,1.16991,29.36656,0
1505641377,21638189,1.16993,28.66132,0
1505641376,21638188,1.16991,179.09000,0
1505641376,21638187,1.16991,131.13000,0
1505641371,21638177,1.16991,28.66132,0
1505641281,21638106,1.16778,90.00000,1
1505641267,21638097,1.16993,153.79000,0
1505641243,21638082,1.16993,49.13000,0
1505641198,21638023,1.16993,140.83000,0
1505641187,21638011,1.16993,219.65000,0
1505641184,21638006,1.16992,389.59474,0
1505641184,21638005,1.16992,227.62000,0
1505641181,21637998,1.16992,160.01000,0
1505641180,21637993,1.16992,70.36000,0
1505641173,21637986,1.16992,2189.73000,0
1505641167,21637982,1.16992,9.12896,0
1505641161,21637971,1.16992,157.95000,0
1505641158,21637968,1.16992,157.95000,0
1505641157,21637967,1.16992,71.40427,0
1505641154,21637962,1.16992,157.29000,0
1505641144,21637947,1.16992,132.84000,0
1505641138,21637941,1.16992,276.12203,0
1505640924,21637853,1.16993,152.70111,0
1505640919,21637849,1.16993,152.75984,0
1505640919,21637848,1.16801,0.00372,0
1505640804,21637733,1.16801,3702.34000,0
1505640800,21637712,1.16801,152.70247,0
1505640799,21637709,1.16801,144.95381,0
1505640792,21637695,1.16778,367.44304,0
1505640693,21637554,1.16300,1488.55376,1
1505640692,21637553,1.16301,186.61251,1
1505640673,21637543,1.16301,30.10000,1
1505640600,21637479,1.16301,55.77880,1
1505640582,21637445,1.16301,152.02000,1
1505640538,21637389,1.16301,90.00000,1
1505640502,21637353,1.16300,62.28000,1
1505640500,21637350,1.16300,444.06000,1
1505640497,21637328,1.16301,162.06098,1
1505640497,21637327,1.16301,76.34001,1
1505640490,21637316,1.16300,62.20639,1
1505640486,21637310,1.16300,4903.02000,1
1505640485,21637307,1.16300,210.61226,1
1505640485,21637305,1.16300,622.91271,1
1505640485,21637303,1.16300,2205.37730,1
1505640483,21637293,1.16300,76.29000,1
1505640481,21637287,1.16300,687.52999,1
1505640480,21637285,1.16300,82.51000,1
1505640479,21637282,1.16300,46.17971,1
1505640479,21637281,1.16300,2205.37835,1
1505640479,21637280,1.16300,3420.37615,1
1505640479,21637279,1.16301,263.45550,1
1505640467,21637256,1.16300,2205.37107,1
1505640467,21637255,1.16301,0.00727,1
1505640466,21637252,1.16301,290.68538,1
1505640463,21637247,1.16300,50.68000,1
1505640463,21637245,1.16300,909.49999,1
1505640460,21637229,1.16300,153.42999,1
1505640459,21637220,1.16300,3958.13996,1
1505640459,21637217,1.16300,81.89000,1
1505640454,21637210,1.16301,321.24213,1
1505640428,21637200,1.16300,887.84814,1
1505640427,21637198,1.16301,355.00185,1
1505640419,21637194,1.16300,576.56062,1
1505640413,21637190,1.16300,269.70083,1
1505640413,21637189,1.16301,392.30916,1
1505640410,21637182,1.16300,1790.98997,1
1505640404,21637177,1.16300,1626.05998,1
1505640403,21637173,1.16300,171.66858,1
1505640403,21637171,1.16301,433.53736,1
1505640396,21637163,1.16300,873.59124,1
1505640396,21637160,1.16300,132.20999,1
1505640392,21637143,1.16300,123.25555,1
1505640389,21637138,1.16300,27.84202,1
1505640389,21637137,1.16301,272.00796,1
1505640386,21637131,1.16301,194.15941,1
1505640379,21637121,1.16301,152.13940,1
1505640374,21637115,1.16301,133.53541,1
1505640369,21637108,1.16300,1817.96997,1
1505640367,21637100,1.16300,133.35888,1
1505640367,21637099,1.16301,0.00312,1
1505640364,21637085,1.16301,383.57367,1
1505640362,21637082,1.16301,145.65653,1
1505640357,21637078,1.16300,596.03269,1
1505640355,21637076,1.16300,336.03000,1
1505640353,21637073,1.16300,1680.90999,1
1505640349,21637067,1.16300,3.29330,1
1505640349,21637065,1.16301,584.85120,1
1505640343,21637060,1.16301,570.18216,1
1505640297,21637030,1.16301,357.03545,1
1505640210,21637005,1.16301,525.72929,1
1505639806,21636798,1.16300,3.77023,1
1505639806,21636797,1.16301,450.95348,1
1505639806,21636796,1.16301,336.28239,1
1505639746,21636761,1.16301,2893.69489,1
1505639746,21636760,1.16301,408.30477,1
1505639738,21636756,1.16301,2605.47997,1
1505639650,21636690,1.16302,198.67129,1
1505639649,21636686,1.16301,198.72999,1
1505639625,21636661,1.16301,541.60910,1
1505639608,21636650,1.16301,96.94877,1
1505639554,21636599,1.16301,337.13646,0
1505639545,21636597,1.16300,610.93785,1
1505639542,21636589,1.16300,268.17582,1
1505639541,21636588,1.16301,342.76203,1
1505639541,21636582,1.16301,7.36974,0
1505639535,21636572,1.16300,161.71214,1
1505639535,21636570,1.16301,213.46113,1
1505639533,21636568,1.16301,159.29910,1
1505639518,21636549,1.16301,214.03013,1
1505639504,21636526,1.16301,107.93545,1
1505639477,21636502,1.16300,2.07572,1
1505639477,21636501,1.16301,415.07077,1
1505639468,21636490,1.16300,611.51468,1
1505639464,21636479,1.16300,2.35551,1
1505639464,21636478,1.16301,458.69153,1
1505639448,21636465,1.16301,506.89484,0
1505639444,21636461,1.16300,77.80808,1
1505639444,21636459,1.16301,560.16509,1
1505639444,21636458,1.16302,85.92246,1
1505639442,21636450,1.16301,72.51022,1
1505639430,21636435,1.16786,157.21062,1
1505639430,21636434,1.16300,1072.39576,1
1505639429,21636433,1.16301,531.08617,1
1505639429,21636432,1.16301,659.69291,1
1505639427,21636427,1.16784,313.79617,0
1505639425,21636420,1.16786,216.26736,0
1505639421,21636416,1.16300,688.84000,1
1505639420,21636415,1.16300,565.48339,1
1505639420,21636412,1.16301,386.91558,1
1505639419,21636407,1.16301,82.24108,1
1505639418,21636404,1.16301,219.20370,1
1505639378,21636371,1.16301,153.96870,1
1505639378,21636369,1.16301,613.11843,1
1505639099,21636110,1.16798,185.42808,0
1505639098,21636105,1.16800,14.34074,0
1505639094,21636097,1.16798,51.18409,0
1505639093,21636092,1.16800,51.12434,0
1505639080,21636046,1.16800,79.55680,0
1505639065,21636019,1.16800,206.47519,0
1505639048,21635996,1.16800,22.24239,0
1505639025,21635955,1.16477,71.58815,0
1505638939,21635834,1.16301,129.88359,1
1505638911,21635807,1.16301,90.00000,1
1505638886,21635776,1.16301,501.55201,1
1505638833,21635740,1.16301,132.59000,1
1505638833,21635739,1.16301,132.19999,1
1505638832,21635734,1.16301,86.39577,1
1505638826,21635723,1.16300,132.22999,1
1505638825,21635718,1.16300,277.41379,1
1505638824,21635710,1.16300,37.89862,1
1505638823,21635709,1.16300,534.94412,1
1505638821,21635705,1.16300,79.80224,1
1505638817,21635701,1.16300,151.91691,1
1505638815,21635698,1.16301,483.64583,1
1505638815,21635696,1.16301,46.84708,1
1505638811,21635688,1.16301,113.43841,1
1505638811,21635687,1.16301,135.88282,1
1505638810,21635685,1.16301,46.33520,1
1505638803,21635675,1.16301,105.09519,1
1505638795,21635658,1.16301,113.47698,1
1505638764,21635628,1.16301,637.35480,1
1505638762,21635625,1.16300,639.15853,1
1505638724,21635584,1.16301,105.46598,1
1505638721,21635575,1.16300,1420.31084,1
1505638720,21635572,1.16300,77.79000,1
1505638716,21635561,1.16300,2.01201,1
1505638716,21635559,1.16301,713.33319,1
1505638691,21635530,1.16301,191.78044,1
1505638642,21635483,1.16302,74.49571,1
1505638604,21635451,1.16301,99.82718,1
1505638603,21635449,1.16300,279.58670,1
1505638601,21635445,1.16300,219.86784,1
1505638599,21635440,1.16300,497.90144,1
1505638595,21635434,1.16300,103.91000,1
1505638594,21635432,1.16300,5.40557,1
1505638594,21635431,1.16301,818.94329,1
1505638594,21635430,1.16301,485.10502,1
1505638591,21635423,1.16301,775.66000,1
1505638589,21635415,1.16301,482.02109,1
1505638588,21635410,1.16301,141.94012,1
1505638586,21635398,1.16301,775.66000,1
1505638585,21635386,1.16301,775.66000,1
1505638581,21635355,1.16301,65.58000,1
1505638579,21635340,1.16301,0.26033,1
1505638579,21635337,1.16302,89.15000,1
1505638466,21635268,1.16301,132.04697,1
1505638465,21635259,1.16301,339.42869,1
1505638464,21635257,1.16308,0.38855,1
1505638459,21635250,1.16308,77.32145,1
1505638439,21635201,1.16308,95.55019,0
1505638406,21635172,1.16308,154.05176,0
1505638400,21635160,1.16308,63.11639,0
1505638399,21635153,1.16301,26.63778,1
1505638396,21635138,1.16310,968.82555,1
1505638396,21635136,1.16310,308.61467,1
1505638395,21635134,1.16476,0.01744,1
1505638395,21635130,1.16476,45.26255,1
1505638394,21635124,1.16477,58.64000,0
1505638392,21635112,1.16476,45.27999,0
1505638387,21635104,1.16310,278.92597,1
1505638385,21635100,1.16310,103.48855,1
1505638380,21635089,1.16310,115.54830,1
1505638369,21635082,1.16378,12.75963,1
1505638369,21635080,1.16378,45.27999,1
1505638363,21635070,1.16378,37.66038,0
1505638339,21635055,1.16378,62.95695,0
1505638337,21635052,1.16378,63.07844,0
1505638323,21635040,1.16310,132.04777,1
1505638317,21635035,1.16310,90.55842,1
1505638215,21634963,1.16310,3001.99077,1
1505638214,21634961,1.16322,9.54247,1
1505638214,21634959,1.16350,0.03438,1
1505638199,21634892,1.16350,6.84143,1
1505638148,21634829,1.16380,560.76691,1
1505638147,21634827,1.16380,317.97000,1
1505638144,21634818,1.16380,297.83801,1
1505638140,21634811,1.16380,1958.08434,1
1505638135,21634802,1.16394,874.33459,1
1505638130,21634797,1.16394,1955.20865,1
1505638125,21634783,1.16394,314.15000,1
1505638123,21634779,1.16394,856.30676,1
1505638116,21634754,1.16400,79.34673,1
1505638113,21634746,1.16400,741.35291,1
1505638108,21634735,1.16400,276.22995,1
1505638104,21634723,1.16400,74.35000,1
1505638102,21634715,1.16400,1152.12002,1
1505638102,21634713,1.16400,2673.12630,1
1505638099,21634704,1.16400,154.87049,1
1505638098,21634699,1.16400,478.70613,1
1505638097,21634695,1.16400,742.15534,1
1505638093,21634674,1.16400,210.36892,1
1505638091,21634665,1.16400,741.34064,1
1505638091,21634661,1.16400,179.95705,1
1505638090,21634656,1.16400,209.04936,1
1505638089,21634647,1.16400,180.18064,1
1505638088,21634640,1.16400,209.04935,1
1505638087,21634636,1.16400,210.11832,1
1505638063,21634593,1.16400,169.86848,1
1505638047,21634564,1.16400,972.09748,1
1505638046,21634561,1.16400,545.53265,1
1505638044,21634555,1.16400,0.17924,1
1505638044,21634553,1.16401,87.90000,1
1505638039,21634534,1.16479,1.79365,1
1505638039,21634532,1.16479,0.00105,1
1505638038,21634529,1.16479,136.10179,1
1505638036,21634526,1.16479,87.89444,1
1505638035,21634520,1.16479,389.53894,1
1505638035,21634519,1.16479,40.45368,1
1505638034,21634515,1.16479,132.02285,1
1505638034,21634512,1.16479,107.03645,1
1505638032,21634506,1.16479,52.16899,1
1505638031,21634504,1.16479,35.72545,1
1505638030,21634498,1.16479,17.26271,1
1505638027,21634491,1.16499,425.54081,1
1505638027,21634490,1.16499,205.33389,1
1505638027,21634489,1.16499,124.02566,1
1505638026,21634485,1.16499,124.17335,1
1505638026,21634484,1.16499,120.92629,1
1505638025,21634481,1.16499,50.00123,1
1505638023,21634477,1.16499,275.96493,1
1505637985,21634452,1.16499,75.52000,1
1505637982,21634449,1.16499,551.74723,1
1505637976,21634442,1.16499,46.76661,1
1505637976,21634441,1.16500,0.00235,1
1505637949,21634411,1.16501,1525.13713,1
1505637944,21634386,1.16953,1521.16715,0
1505637940,21634383,1.16954,1524.67041,0
1505637938,21634379,1.16955,42.94790,1
1505637936,21634371,1.16955,47.39614,0
1505637923,21634348,1.16801,158.21672,0
1505637907,21634310,1.16795,0.00466,1
1505637906,21634308,1.16795,185.21341,1
1505637801,21634101,1.16500,0.96003,1
1505637801,21634100,1.16500,212.14729,1
1505637797,21634083,1.16500,95.21635,1
1505637796,21634079,1.16500,141.26303,1
1505637794,21634073,1.16500,37.14906,1
1505637791,21634061,1.16500,274.75537,1
1505637791,21634058,1.16795,356.93308,0
1505637786,21634036,1.16795,60.09675,0
1505637786,21634033,1.16500,238.50652,1
1505637786,21634028,1.16500,4015.57296,1
1505637744,21633909,1.16795,653.30000,0
1505637739,21633896,1.16795,154.21000,0
1505637708,21633782,1.16500,4296.02600,1
1505637706,21633776,1.16500,205.14164,1
1505637690,21633741,1.16500,310.64000,1
1505637689,21633738,1.16500,86.21397,1
1505637688,21633734,1.16500,165.78000,1
1505637686,21633721,1.16500,247.89700,1
1505637681,21633705,1.16500,70.00000,1
1505637678,21633691,1.16500,86.21044,1
1505637669,21633669,1.16500,152.68541,1
1505637667,21633658,1.16500,86.21397,1
1505637665,21633650,1.16500,192.32511,1
1505637664,21633633,1.16500,1735.09962,1
1505637662,21633619,1.16500,148.54181,1
1505637661,21633612,1.16500,636.65000,1
1505637660,21633606,1.16500,196.83000,1
1505637656,21633573,1.16500,8.06774,1
1505637656,21633570,1.16501,511.22840,1
1505637656,21633566,1.16748,406.18166,0
1505637655,21633565,1.16501,392.50293,1
1505637654,21633556,1.16500,101.06000,1
1505637654,21633550,1.16500,86.19982,1
1505637653,21633545,1.16748,319.88558,0
1505637653,21633541,1.16748,86.29608,0
1505637648,21633516,1.16501,2785.16703,1
1505637648,21633513,1.16501,248.11102,1
1505637644,21633494,1.16501,451.81649,1
1505637644,21633490,1.16501,514.90546,1
1505637641,21633479,1.16500,493.00733,1
1505637641,21633476,1.16600,150.00000,1
1505637641,21633475,1.16691,170.04064,1
1505637639,21633470,1.16691,4.56844,1
1505637637,21633467,1.16691,22.99334,1
1505637637,21633462,1.16691,30.47758,1
1505637636,21633461,1.16691,138.71000,1
1505637635,21633454,1.16691,97.85435,1
1505637635,21633451,1.16691,266.35545,1
1505637635,21633446,1.16691,186.49397,1
1505637634,21633443,1.16691,82.50623,1
1505637634,21633440,1.16748,2.17235,1
1505637633,21633437,1.16748,319.88978,1
1505637633,21633431,1.16748,190.88122,1
1505637632,21633429,1.16748,68.00227,1
1505637632,21633425,1.16748,190.88260,1
1505637630,21633417,1.16748,228.17178,1
1505637630,21633413,1.16750,2.45848,1
1505637623,21633397,1.16750,446.56652,1
1505637623,21633392,1.16750,86.30965,1
1505637614,21633369,1.16750,233.48000,1
1505637613,21633363,1.16750,231.18535,1
1505637613,21633360,1.16795,2545.61622,1
1505637612,21633356,1.16795,86.41975,1
1505637607,21633324,1.16795,195.94202,1
1505637606,21633313,1.16795,6.65791,1
1505637604,21633301,1.16795,401.73999,1
1505637604,21633297,1.16795,365.55412,1
1505637602,21633281,1.16795,398.06999,1
1505637597,21633250,1.16796,614.33000,1
1505637596,21633247,1.16800,4306.87376,1
1505637596,21633244,1.16800,210.07743,1
1505637596,21633241,1.16800,131.99524,1
1505637594,21633235,1.16800,237.20411,1
1505637592,21633222,1.16800,38.28078,1
1505637591,21633213,1.16800,242.04234,1
1505637590,21633206,1.16800,620.40000,1
1505637590,21633202,1.16800,277.05553,1
1505637589,21633195,1.16800,3611.40999,1
1505637588,21633189,1.16800,4291.09660,1
1505637588,21633183,1.16800,200.99000,1
1505637586,21633169,1.16800,540.90000,1
1505637583,21633130,1.16800,1668.65479,1
1505637582,21633112,1.16800,620.39000,1
1505637581,21633108,1.16800,284.93968,1
1505637581,21633103,1.16800,238.33371,1
1505637579,21633087,1.16800,830.00803,1
1505637576,21633062,1.16800,106.12306,1
1505637576,21633059,1.16801,408.52694,1
1505637576,21633057,1.16801,242.24990,1
1505637571,21633011,1.16800,277.44426,1
1505637571,21633006,1.16800,233.64555,1
1505637570,21632999,1.16800,259.48350,1
1505637569,21632993,1.16800,103.62000,1
1505637569,21632983,1.16800,278.27425,1
1505637567,21632973,1.16800,390.75739,1
1505637567,21632971,1.16801,748.37551,1
1505637567,21632969,1.16806,3222.20738,1
1505637566,21632958,1.16806,222.09354,1
1505637561,21632918,1.16806,240.17273,1
1505637560,21632905,1.16808,277.91527,1
1505637554,21632854,1.16994,1716.68675,1
1505637554,21632852,1.16994,1527.08999,1
1505637553,21632846,1.16994,739.49164,1
1505637551,21632825,1.16997,2925.49179,1
1505637551,21632813,1.16997,283.78638,1
1505637549,21632800,1.16997,553.86262,1
1505637546,21632772,1.16997,236.85921,1
1505637545,21632766,1.17000,606.02485,1
1505637544,21632753,1.17000,549.18918,1
1505637542,21632739,1.17000,318.78597,1
1505637542,21632738,1.17001,850.00000,1
1505637541,21632736,1.17193,214.66403,1
1505637541,21632732,1.17193,211.98261,1
1505637541,21632731,1.17193,554.81903,1
1505637541,21632727,1.17193,2608.53851,1
1505637540,21632726,1.17197,1374.72987,1
1505637540,21632725,1.17197,737.08998,1
1505637538,21632707,1.17197,629.42516,1
1505637537,21632694,1.17197,144.32992,1
1505637537,21632689,1.17198,625.86702,1
1505637535,21632679,1.17198,131.91518,1
1505637534,21632670,1.17197,707.04848,1
1505637533,21632664,1.17197,90.55000,1
1505637532,21632642,1.17197,159.66896,1
1505637531,21632636,1.17196,157.15763,0
1505637531,21632631,1.17193,131.91518,1
1505637530,21632628,1.17196,6651.51333,1
1505637530,21632624,1.17196,163.98483,1
1505637528,21632598,1.17196,6.82021,1
1505637525,21632563,1.17193,230.82086,1
1505637524,21632542,1.17193,473.90642,1
1505637524,21632541,1.17205,136.77381,1
1505637524,21632540,1.17205,684.52459,1
1505637524,21632539,1.17395,4000.00000,1
1505637524,21632535,1.17398,1660.00000,1
1505637523,21632533,1.17693,100.21035,1
1505637523,21632532,1.17695,684.15420,1
1505637521,21632507,1.17695,207.30695,1
1505637520,21632500,1.17695,228.45044,1
1505637516,21632457,1.17695,200.41623,1
1505637515,21632445,1.17695,229.72121,1
1505637514,21632434,1.17695,5.87149,1
1505637514,21632431,1.17696,189.01202,1
1505637510,21632374,1.17696,69.88109,1
1505637509,21632364,1.17696,69.95100,1
1505637505,21632336,1.17696,60.73589,1
1505637505,21632333,1.17696,163.16515,1
1505637496,21632316,1.17999,270.45157,0
1505637496,21632315,1.17998,352.57065,0
1505637487,21632292,1.17999,233.45000,0
1505637486,21632290,1.17998,389.58170,0
1505637402,21632218,1.17695,16.57132,1
1505637401,21632216,1.17695,68.83078,1
1505637401,21632213,1.17695,88.63080,1
1505637286,21632090,1.17980,27.13281,1
1505637272,21632075,1.17998,163.08655,0
1505637268,21632068,1.17999,1733.76165,0
1505637266,21632061,1.17999,1127.57300,0
1505637265,21632060,1.17998,323.51300,0
1505637265,21632059,1.17998,87.70000,0
1505637265,21632058,1.17982,68.61936,0
1505637265,21632057,1.17980,6.83235,0
1505637265,21632056,1.17980,20.51802,0
1505637239,21632026,1.17980,79.91970,0
1505637239,21632025,1.17960,6.83352,0
1505637239,21632024,1.17940,6.83469,0
1505637239,21632023,1.17920,6.83585,0
1505637239,21632022,1.17900,6.83702,0
1505637239,21632021,1.17895,0.00926,0
1505637186,21631998,1.17695,131.84965,1
1505637178,21631977,1.17695,131.84965,1
1505637043,21631866,1.17895,778.32000,0
1505636771,21631649,1.17895,136.76294,0
1505636766,21631640,1.17895,208.29043,0
1505636765,21631636,1.17895,202.53986,0
1505636763,21631630,1.17895,389.96000,0
1505636763,21631627,1.17895,202.09571,0
1505636761,21631618,1.17895,208.10161,0
1505636760,21631611,1.17895,54.32015,0
1505636759,21631606,1.17895,1331.31175,0
1505636751,21631590,1.17895,386.99066,0
1505636751,21631589,1.17706,2561.68644,0
1505636747,21631584,1.17706,28.03000,0
1505636740,21631569,1.17706,32.90022,0
1505636734,21631530,1.17693,394.99974,0
1505636734,21631527,1.17693,1184.99923,0
1505636733,21631524,1.17693,1951.01114,0
1505636728,21631517,1.17692,1319.84221,0
1505636725,21631508,1.17691,180.00000,1
1505636725,21631507,1.17693,468.98989,0
1505636723,21631499,1.17692,254.90263,1
1505636722,21631495,1.17692,489.35413,0
1505636722,21631492,1.17692,834.07439,0
1505636712,21631473,1.17692,36.65872,0
1505636712,21631472,1.17691,180.00000,0
1505636704,21631447,1.17691,178.60122,0
1505636704,21631443,1.17691,197.60000,1
1505636702,21631438,1.17692,1285.36936,0
1505636702,21631437,1.17691,170.04064,0
1505636701,21631435,1.17690,350.00000,0
1505636699,21631427,1.17691,27.56178,0
1505636699,21631424,1.17689,680.00000,0
1505636697,21631419,1.17690,51.98000,0
1505636686,21631393,1.17690,462.48308,0
1505636591,21631250,1.17004,123.55441,1
1505636590,21631248,1.16995,1690.00000,1
1505636589,21631241,1.17000,136.20037,1
1505636589,21631238,1.17003,85.96314,1
1505636096,21630554,1.16998,46.01000,1
1505636094,21630549,1.17002,126.79502,1
1505635880,21630162,1.17690,89.92623,0
1505635877,21630154,1.17690,169.85923,0
1505635872,21630147,1.17690,339.25528,0
1505635796,21630053,1.17691,267.04193,0
1505635794,21630050,1.17691,266.35545,0
1505635794,21630045,1.17691,186.49397,0
1505635793,21630041,1.17691,82.50623,0
1505635786,21630027,1.17690,169.17371,0
1505635784,21630020,1.17689,40.33000,0
1505635780,21630005,1.17676,566.74122,1
1505635780,21630004,1.17665,351.19878,0
1505635779,21630001,1.17665,858.80122,0
1505635435,21629731,1.16996,16.74949,0
1505635433,21629723,1.16995,63.03438,1
1505635426,21629695,1.16994,16.73162,1
1505635426,21629692,1.16995,2734.21385,0
1505635425,21629689,1.16997,1150.00000,1
1505635425,21629683,1.16995,1107.15750,1
1505635424,21629681,1.16996,281.11864,1
1505635417,21629655,1.16996,167.19608,1
1505635346,21629513,1.16997,50.00000,1
1505635339,21629498,1.17012,199.45404,0
1505635339,21629497,1.16996,199.25473,0
1505635274,21629432,1.17011,33.02095,1
1505635272,21629419,1.17012,78.55650,1
1505635259,21629383,1.17020,307.94139,1
1505635257,21629376,1.17018,81.87010,1
1505635107,21629062,1.17009,33.22674,0
1505634896,21628847,1.17688,399.69615,0
1505634895,21628845,1.17688,200.30385,0
1505634117,21628183,1.17006,50.00000,1
1505633758,21628021,1.16999,148.66130,1
1505633522,21627884,1.17012,93.92999,0
1505633521,21627882,1.17012,149.68000,0
1505633424,21627830,1.17093,193.36703,1
1505633335,21627754,1.17088,544.71999,1
1505633182,21627709,1.17052,601.25499,0
1505632895,21627556,1.17041,60.00000,1
1505632659,21627352,1.17705,78.68000,0
1505632658,21627350,1.17705,60.00122,0
1505632050,21626978,1.17706,1377.38334,0
1505632050,21626975,1.17506,0.16521,0
1505631738,21626772,1.17506,93.24578,0
1505631732,21626764,1.17506,1953.81351,0
1505631729,21626756,1.17506,1952.77550,0
1505631729,21626754,1.17494,0.22732,0
1505631724,21626749,1.17494,139.87236,0
1505631721,21626748,1.17494,1912.13577,0
1505631721,21626747,1.17493,40.00000,0
1505631716,21626740,1.17493,89.84966,0
1505631712,21626736,1.17493,169.71131,0
1505631709,21626732,1.17493,339.57530,0
1505631705,21626729,1.17493,671.60444,0
1505631702,21626724,1.17493,1281.59932,0
1505631702,21626723,1.17492,670.00000,0
1505631696,21626717,1.17493,1567.75601,0
1505631696,21626716,1.17493,382.98201,0
1505631692,21626707,1.17493,1949.07774,1
1505631689,21626700,1.17493,1297.74135,0
1505631685,21626688,1.17494,1947.76455,0
1505631679,21626668,1.17212,10.45603,0
1505631631,21626622,1.17212,37.55778,0
1505631629,21626619,1.17209,171.55856,1
1505631629,21626617,1.17212,123.76000,0
1505631627,21626612,1.17212,86.96520,0
1505631627,21626611,1.17212,31.81475,0
1505631626,21626610,1.17207,171.75005,0
1505631625,21626605,1.17207,46.39928,0
1505631622,21626594,1.17212,54.08729,0
1505631622,21626593,1.17211,944.79794,0
1505631621,21626587,1.17207,0.39264,0
1505631620,21626586,1.17207,217.75669,1
1505631620,21626584,1.17211,55.20206,0
1505631617,21626579,1.17207,181.26603,1
1505631615,21626567,1.17205,55.20488,0
1505631551,21626500,1.17004,889.50000,0
1505631543,21626497,1.17004,152.70000,0
1505631482,21626456,1.16806,315.52635,1
1505631482,21626455,1.16995,0.38510,1
1505631374,21626344,1.16995,739.71999,1
1505631373,21626343,1.16995,2004.45916,1
1505631372,21626336,1.16995,814.89860,1
1505631345,21626292,1.16995,108.27329,1
1505631343,21626287,1.16995,166.13193,1
1505631340,21626284,1.16995,166.13193,1
1505631165,21626079,1.16996,195.76679,1
1505631164,21626073,1.17006,1785.98753,1
1505631163,21626068,1.17006,80.01999,1
1505630710,21625782,1.17007,134.07999,1
1505630691,21625766,1.17007,17.17108,1
1505630688,21625762,1.17006,37.06331,1
1505630686,21625756,1.17007,37.02343,0
1505630685,21625755,1.17007,17.18827,1
1505630684,21625754,1.17006,56.64883,1
1505630684,21625750,1.17006,150.46998,1
1505630682,21625745,1.17006,114.44999,1
1505630682,21625743,1.17006,17.17108,1
1505630677,21625733,1.17006,17.17108,1
1505630673,21625728,1.17006,513.99287,1
1505630673,21625723,1.17006,129.28295,1
1505630670,21625715,1.17006,1097.74239,1
1505630670,21625713,1.17007,3.65661,1
1505630667,21625702,1.17007,264.49028,1
1505630665,21625688,1.17195,626.28411,1
1505630663,21625679,1.17195,270.23345,1
1505630663,21625671,1.17195,454.86999,1
1505630662,21625665,1.17195,1537.23282,1
1505630661,21625659,1.17195,269.87254,1
1505630659,21625644,1.17195,226.30103,1
1505630657,21625633,1.17195,615.20606,1
1505630657,21625630,1.17205,48.11523,1
1505630657,21625628,1.17206,3479.82871,1
1505630657,21625624,1.17206,217.37217,1
1505630656,21625622,1.17206,46.65914,1
1505630656,21625621,1.17207,1.47833,1
1505630654,21625611,1.17207,294.18755,1
1505630654,21625606,1.17208,295.66588,1
1505630653,21625603,1.17208,295.84019,1
1505630652,21625595,1.17208,296.10279,1
1505630650,21625582,1.17208,38.05263,0
1505630649,21625578,1.17208,948.56218,1
1505630648,21625576,1.17207,885.00204,1
1505630647,21625573,1.17207,884.56725,1
1505630609,21625550,1.17207,48.00999,1
1505630600,21625547,1.17207,186.90999,1
1505630594,21625536,1.17207,79.65999,1
1505630533,21625484,1.17206,92.93999,1
1505630531,21625478,1.17206,163.19999,1
1505630530,21625474,1.17210,21.01962,1
1505630523,21625448,1.17209,1422.94285,1
1505630520,21625440,1.17208,440.05867,1
1505630473,21625407,1.17207,70.00000,1
1505630435,21625375,1.17209,113.44999,1
1505630224,21625223,1.17208,226.60254,1
1505630222,21625221,1.17209,269.86057,0
1505630220,21625214,1.17209,269.74938,1
1505630192,21625207,1.17210,15.34304,1
1505630146,21625174,1.17208,74.89475,0
1505630145,21625172,1.17208,596.08048,1
1505630145,21625170,1.17208,74.89476,1
1505630126,21625163,1.17209,127.38999,1
1505629331,21624742,1.17209,100.00000,1
1505629181,21624601,1.17894,166.68440,0
1505629083,21624555,1.17891,15.82974,1
1505628713,21624430,1.17802,6.37456,1
1505628631,21624409,1.17842,6.77450,1
1505628616,21624398,1.17894,22.20431,1
1505628613,21624396,1.17895,101.29763,0
1505628613,21624395,1.17880,6.83819,0
1505628613,21624393,1.17860,6.83936,0
1505628612,21624390,1.17840,6.84053,0
1505628612,21624387,1.17820,6.84170,0
1505628404,21624303,1.17800,150.00000,0
1505628404,21624302,1.17800,6.84287,0
1505628404,21624299,1.17780,6.84404,0
1505628401,21624297,1.17760,6.84521,0
1505628401,21624296,1.17750,2.45848,0
1505628399,21624293,1.17703,3.47017,0
1505628354,21624278,1.17703,1131.48682,0
1505628332,21624271,1.17703,1510.56715,0
1505628325,21624269,1.17703,262.37912,0
1505628317,21624262,1.17703,262.42983,0
1505628215,21624224,1.17703,829.66691,0
1505628213,21624219,1.17702,1287.87158,0
1505628208,21624214,1.17702,1942.99399,0
1505628073,21624194,1.17702,303.15074,0
1505627639,21623963,1.17700,176.99236,1
1505627482,21623891,1.17702,338.55556,0
1505627313,21623773,1.17214,876.59651,0
1505627303,21623755,1.17203,92.91218,0
1505627289,21623707,1.17196,268.50385,1
1505627284,21623697,1.17203,1391.93874,1
1505627284,21623694,1.17203,88.80451,1
1505627278,21623668,1.17203,2431.00633,1
1505627277,21623662,1.17203,88.25042,1
1505627277,21623657,1.17205,291.23382,1
1505627276,21623651,1.17204,206.00327,1
1505627275,21623648,1.17204,3173.30860,1
1505627268,21623612,1.17204,286.87381,1
1505627267,21623610,1.17204,51.30999,1
1505627267,21623609,1.17204,214.10548,1
1505627262,21623589,1.17213,284.81291,1
1505627262,21623586,1.17213,208.94953,1
1505627260,21623581,1.17213,208.96621,1
1505627257,21623564,1.17214,88.77981,1
1505627255,21623559,1.17214,207.70594,1
1505627252,21623551,1.17213,49.81489,1
1505627252,21623545,1.17213,85.84382,1
1505627215,21623494,1.17750,997.54152,0
1505627215,21623492,1.17750,0.21274,0
1505627164,21623440,1.17206,90.00000,1
1505626581,21623238,1.17212,168.80348,0
1505626578,21623230,1.17211,160.49329,1
1505626577,21623227,1.17211,86.69510,1
1505626576,21623223,1.17210,161.29979,1
1505626575,21623219,1.17213,166.70250,1
1505626574,21623210,1.17212,167.54020,1
1505626382,21623154,1.17243,166.20760,1
1505626309,21623118,1.17244,450.54998,1
1505626098,21622922,1.17750,164.15787,0
1505626093,21622915,1.17750,969.79706,0
1505625981,21622855,1.17241,308.42399,0
1505625981,21622854,1.17241,491.12600,0
1505625900,21622844,1.17750,1029.42625,0
1505625900,21622843,1.17750,192.23999,0
1505625900,21622840,1.17750,722.51267,0
1505625895,21622836,1.17750,1942.00575,0
1505625890,21622831,1.17750,1941.22154,0
1505625887,21622829,1.17750,1301.42001,0
1505625887,21622827,1.17750,639.02273,0
1505625883,21622825,1.17750,704.69725,0
1505625882,21622824,1.17750,268.27031,0
1505625882,21622823,1.17750,964.38513,0
1505625882,21622822,1.17749,2.04644,0
1505625876,21622817,1.17749,1407.95356,0
1505625224,21622645,1.17750,69.49486,0
1505625224,21622643,1.17750,212.86606,0
1505625223,21622640,1.17750,165.53734,0
1505625223,21622637,1.17750,43.90658,0
1505625219,21622626,1.17750,43.86270,0
1505625218,21622621,1.17750,281.77891,0
1505625218,21622618,1.17750,36.72185,0
1505625214,21622609,1.17750,56.03396,0
1505624428,21622339,1.17750,193.17446,0
1505624427,21622338,1.17750,1992.24981,0
1505624420,21622328,1.17750,59.25000,0
1505624415,21622320,1.17750,153.50000,0
1505624411,21622317,1.17750,918.43017,0
1505624410,21622316,1.17750,120.79999,0
1505624410,21622315,1.17750,114.23967,0
1505624410,21622314,1.17750,300.00000,0
1505624409,21622311,1.17750,482.04848,0
1505624337,21622293,1.17750,61.13000,0
1505624336,21622289,1.17750,400.50000,0
1505624319,21622274,1.17750,226.23151,0
1505624319,21622273,1.17750,458.69490,0
1505624319,21622272,1.17750,71.61677,0
1505624318,21622271,1.17750,70.00000,0
1505624318,21622269,1.17750,100.00000,0
1505624318,21622268,1.17750,216.19100,0
1505624317,21622267,1.17750,75.65088,0
1505624317,21622266,1.17750,421.88063,0
1505624317,21622265,1.17750,258.44828,0
1505624317,21622264,1.17750,221.93287,0
1505624316,21622263,1.17750,222.33898,0
1505624316,21622260,1.17750,134.98418,0
1505624311,21622254,1.17750,365.01582,0
1505624310,21622252,1.17750,100.00000,0
1505624310,21622251,1.17750,469.50000,0
1505624309,21622250,1.17750,549.75132,0
1505624309,21622248,1.17750,0.88356,0
1505624309,21622246,1.17750,303.92970,0
1505624308,21622245,1.17749,246.39960,0
1505624303,21622241,1.17750,321.37682,0
1505624303,21622239,1.17750,428.46000,0
1505624303,21622237,1.17750,284.19822,0
1505624302,21622236,1.17750,1711.28066,0
1505624302,21622234,1.17749,6.28430,0
1505624300,21622232,1.17749,265.98000,0
1505624293,21622224,1.17750,173.56926,0
1505624293,21622222,1.17750,954.06268,0
1505624292,21622220,1.17750,206.80024,0
1505624292,21622218,1.17750,118.70000,0
1505624291,21622215,1.17750,305.75000,0
1505624291,21622212,1.17750,110.07575,0
1505624289,21622209,1.17750,143.18927,0
1505624286,21622204,1.17750,116.15932,0
1505624284,21622197,1.17750,301.89266,0
1505624284,21622195,1.17750,1.78260,0
1505624284,21622193,1.17749,300.84505,0
1505624283,21622192,1.17748,2.17235,0
1505624280,21622184,1.17748,578.77327,0
1505624272,21622178,1.17747,508.06644,0
1505623872,21622056,1.17211,267.49999,1
1505623743,21621989,1.17748,419.05438,0
1505623742,21621986,1.17747,215.12085,0
1505623739,21621981,1.17747,643.58819,0
1505623453,21621824,1.17212,152.91999,1
1505623316,21621767,1.17210,84.90457,1
1505623314,21621757,1.17208,247.09919,0
1505623309,21621746,1.17207,224.39999,0
1505622642,21621410,1.17232,25.91924,1
1505622640,21621406,1.17231,119.11965,1
1505622635,21621400,1.17231,271.90453,1
1505622191,21621167,1.17207,76.54999,0
1505621135,21620793,1.17216,82.54696,0
1505621064,21620777,1.17205,533.07286,1
1505621059,21620770,1.17217,247.17999,1
1505620717,21620630,1.17749,401.13000,1
1505620717,21620627,1.17750,1066.07000,0
1505620715,21620623,1.17750,39.42102,0
1505620715,21620622,1.17750,413.08560,0
1505620714,21620620,1.17750,163.97063,0
1505620714,21620619,1.17749,401.13275,0
1505620496,21620556,1.17750,89.82978,0
1505620496,21620555,1.17750,253.93504,0
1505620496,21620554,1.17750,290.99231,0
1505620495,21620553,1.17750,344.83320,0
1505620495,21620551,1.17750,122.47518,0
1505620495,21620550,1.17749,385.79120,0
1505620492,21620549,1.17750,131.45986,0
1505620491,21620546,1.17750,1356.33939,0
1505620488,21620545,1.17750,172.51434,0
1505620487,21620544,1.17750,170.80411,0
1505620487,21620542,1.17750,1528.58854,0
1505620487,21620539,1.17750,63.80480,0
1505620485,21620538,1.17750,190.13024,0
1505620485,21620537,1.17750,73.69335,0
1505620485,21620536,1.17750,42.43664,0
1505620484,21620534,1.17750,118.66424,0
1505620482,21620532,1.17750,135.07354,0
1505620482,21620531,1.17750,253.73778,0
1505620482,21620530,1.17750,480.46903,0
1505620481,21620529,1.17750,300.40116,0
1505620481,21620528,1.17750,253.73778,0
1505620481,21620527,1.17750,25.20233,0
1505620480,21620525,1.17749,426.44930,0
1505620479,21620524,1.17750,56.49143,0
1505620479,21620523,1.17750,533.70056,0
1505620479,21620522,1.17750,253.73778,0
1505620479,21620521,1.17750,282.92558,0
1505620478,21620520,1.17750,153.04999,0
1505620478,21620519,1.17750,207.71252,0
1505620478,21620518,1.17750,310.66887,0
1505620477,21620516,1.17750,130.80136,0
1505620477,21620515,1.17749,1.53165,0
1505620475,21620513,1.17749,469.52300,0
1505620475,21620512,1.17740,6.84638,0
1505620474,21620510,1.17723,9.52000,0
1505620474,21620509,1.17720,6.84756,0
1505620474,21620508,1.17700,3.32447,0
1505620470,21620506,1.17700,3.52426,0
1505620470,21620505,1.17700,1074.15980,0
1505620461,21620501,1.17700,1925.84020,0
1505620460,21620499,1.17695,3.37921,0
1505620457,21620497,1.17695,1112.39008,0
1505620448,21620493,1.17695,1928.12468,0
1505620426,21620486,1.17695,766.41167,0
1505620394,21620480,1.17694,48.65000,0
1505620285,21620453,1.17695,189.69436,0
1505620284,21620452,1.17694,120.00000,0
1505620284,21620451,1.17680,6.84990,0
1505620284,21620450,1.17660,6.85107,0
1505620284,21620449,1.17640,6.85225,0
1505620284,21620448,1.17620,6.85342,0
1505620284,21620447,1.17600,6.85460,0
1505620284,21620446,1.17580,0.04407,0
1505620277,21620440,1.17580,6.81170,0
1505620277,21620438,1.17560,6.85695,0
1505620276,21620437,1.17540,0.04818,0
1505620273,21620429,1.17540,6.80994,0
1505620273,21620427,1.17520,6.85930,0
1505620273,21620426,1.17500,0.96238,0
1505620252,21620373,1.17500,307.36364,0
1505620228,21620334,1.17500,691.67398,0
1505620227,21620333,1.17500,6.86048,0
1505620227,21620332,1.17500,164.33323,0
1505620133,21620299,1.17500,130.12581,0
1505620129,21620293,1.17500,157.71284,0
1505620126,21620290,1.17500,1929.75252,0
1505620121,21620286,1.17000,60.00000,1
1505620120,21620284,1.17500,1618.07560,0
1505620120,21620282,1.17500,310.86511,0
1505620116,21620279,1.17500,1928.14031,0
1505620113,21620275,1.17500,130.12581,0
1505620108,21620270,1.17500,1927.46562,0
1505620104,21620268,1.17500,665.10874,0
1505620102,21620265,1.17500,664.44964,0
1505620097,21620262,1.17500,524.04407,0
1505620097,21620260,1.17500,1346.38639,0
1505620096,21620259,1.17500,15.54001,0
1505620096,21620258,1.17500,40.81999,0
1505620096,21620257,1.17500,79.30000,0
1505620095,21620256,1.17500,120.71022,0
1505620095,21620255,1.17500,39.42423,0
1505620095,21620254,1.17500,85.89147,0
1505620094,21620253,1.17500,21.66521,0
1505620094,21620251,1.17500,131.32479,0
1505620094,21620250,1.17500,39.78284,0
1505620089,21620248,1.17500,153.45168,0
1505619977,21620181,1.17500,112.61961,0
1505619977,21620179,1.17500,716.24723,0
1505619977,21620178,1.17500,40.82000,0
1505619976,21620177,1.17500,219.38000,0
1505619976,21620175,1.17500,4.66206,0
1505619975,21620173,1.17500,34.24864,0
1505619975,21620169,1.17500,75.34000,0
1505619975,21620166,1.17500,79.58463,0
1505619974,21620165,1.17500,74.73846,0
1505619974,21620164,1.17500,171.12154,0
1505619973,21620163,1.17500,119.15000,0
1505619973,21620162,1.17500,192.08411,0
1505619973,21620161,1.17500,75.34000,0
1505619972,21620160,1.17500,322.10000,0
1505619972,21620157,1.17500,110.84315,0
1505619971,21620152,1.17500,136.16685,0
1505619971,21620149,1.17500,230.88535,0
1505619971,21620147,1.17500,303.92118,0
1505619969,21620140,1.17500,151.01490,0
1505619968,21620137,1.17500,47.26885,0
1505619967,21620134,1.17500,1.28948,0
1505619967,21620131,1.17500,95.04590,0
1505619965,21620128,1.17500,152.45409,0
1505619965,21620125,1.17500,152.96999,0
1505619965,21620123,1.17500,28.62999,0
1505619964,21620122,1.17500,159.95599,0
1505619964,21620121,1.17500,1101.47864,0
1505619963,21620118,1.17500,323.17952,0
1505619927,21620095,1.17500,51.97445,0
1505619807,21620042,1.17500,221.60965,0
1505619801,21620040,1.17500,46.12614,0
1505619800,21620037,1.17500,497.71520,0
1505619563,21619945,1.17500,130.14467,0
1505619481,21619888,1.17500,12.77277,0
1505619480,21619886,1.17500,95.72934,0
1505619401,21619819,1.17500,150.30485,0
1505619401,21619818,1.17500,91.07001,0
1505619401,21619816,1.17500,154.96999,0
1505619400,21619814,1.17500,81.83000,0
1505619400,21619813,1.17500,247.50000,0
1505619400,21619812,1.17500,278.83613,0
1505619396,21619801,1.17500,48.79340,0
1505619396,21619799,1.17500,4.37946,0
1505619396,21619798,1.17500,999.11838,0
1505619367,21619769,1.17500,157.77021,0
1505619365,21619764,1.17500,153.82126,0
1505619363,21619762,1.17500,153.68600,0
1505619358,21619754,1.17500,455.31507,0
1505619320,21619716,1.17500,48.86771,0
1505619318,21619710,1.17500,48.86000,0
1505619224,21619684,1.17500,212.91914,0
1505619203,21619671,1.17500,29.84000,0
1505619202,21619668,1.17500,19.01283,0
1505619194,21619666,1.17500,41.42000,0
1505619192,21619663,1.17500,7.45323,0
1505619190,21619660,1.17500,7.45350,0
1505619188,21619653,1.17500,35.10637,0
1505619068,21619615,1.17500,48.87658,0
1505619064,21619610,1.17500,67.79000,0
1505619062,21619608,1.17500,126.25119,0
1505619062,21619606,1.17500,88.94881,0
1505619059,21619598,1.17500,48.87000,0
1505618996,21619561,1.17500,22.54000,0
1505618988,21619552,1.17500,23.39583,0
1505618766,21619517,1.17500,11.69791,0
1505618752,21619506,1.17500,11.34780,0
1505618654,21619441,1.17500,117.04925,0
1505618654,21619440,1.17500,62.21999,0
1505618654,21619439,1.17500,86.37109,0
1505618654,21619438,1.17500,550.33781,0
1505618646,21619427,1.17500,128.86806,0
1505618644,21619417,1.17500,76.39000,0
1505618630,21619396,1.17500,35.10637,0
1505618629,21619393,1.17500,35.10637,0
1505618629,21619389,1.17500,42.79410,0
1505618624,21619380,1.17500,117.23000,0
1505618618,21619376,1.17500,117.23403,0
1505618598,21619358,1.17500,123.81000,0
1505618597,21619355,1.17500,349.50572,0
1505618597,21619353,1.17500,8.30428,0
1505618580,21619347,1.17500,52.37993,0
1505618577,21619344,1.17500,17.48100,0
1505618574,21619339,1.17500,17.46353,0
1505618525,21619317,1.17500,186.22977,0
1505618503,21619286,1.17500,246.82552,0
1505618494,21619278,1.17500,149.77871,0
1505618493,21619277,1.17500,48.87658,0
1505618484,21619266,1.17500,425.51000,0
1505618483,21619265,1.17500,265.14892,0
1505618479,21619256,1.17500,95.08000,0
1505618474,21619252,1.17500,107.44680,0
1505618462,21619245,1.17500,170.34439,0
1505618462,21619244,1.17500,131.34070,0
1505618459,21619240,1.17500,88.12548,0
1505618459,21619239,1.17500,28.60480,0
1505618458,21619238,1.17500,57.65972,0
1505618456,21619233,1.17500,167.18954,0
1505618456,21619232,1.17500,113.17640,0
1505618411,21619210,1.17500,82.91914,0
1505618400,21619200,1.17500,28.53899,0
1505618399,21619199,1.17500,140.73417,0
1505618399,21619197,1.17500,50.37000,0
1505618399,21619192,1.17500,62.10151,0
1505618388,21619181,1.17500,23.57849,0
1505618387,21619180,1.17500,96.25583,0
1505618387,21619178,1.17500,142.70184,0
1505618349,21619171,1.17500,424.79372,0
1505618349,21619169,1.17500,118.01755,0
1505618309,21619156,1.17500,551.97469,0
1505618309,21619155,1.17500,442.70249,0
1505618308,21619154,1.17500,67.35999,0
1505618308,21619153,1.17500,494.02752,0
1505618308,21619152,1.17500,192.44000,0
1505618307,21619151,1.17500,384.53648,0
1505618307,21619150,1.17500,420.08874,0
1505618306,21619149,1.17500,108.75873,0
1505618306,21619148,1.17500,23.13676,0
1505618305,21619146,1.17500,114.08548,0
1505618305,21619143,1.17500,330.41189,0
1505618304,21619142,1.17500,362.51587,0
1505618304,21619140,1.17500,85.81453,0
1505618304,21619138,1.17500,137.24969,0
1505618303,21619137,1.17500,61.44000,0
1505618303,21619136,1.17500,158.88330,0
1505618302,21619135,1.17500,115.21171,0
1505618302,21619134,1.17499,420.48520,0
1505618300,21619132,1.17500,714.25940,0
1505618300,21619131,1.17500,514.34992,0
1505618299,21619130,1.17500,274.61842,0
1505618299,21619129,1.17500,218.18000,0
1505618299,21619127,1.17500,190.97812,0
1505618298,21619125,1.17500,64.29537,0
1505618291,21619113,1.17499,0.45533,0
1505618290,21619111,1.17499,257.44069,0
1505618288,21619108,1.17499,185.76633,1
1505618284,21619105,1.17500,103.50898,0
1505618283,21619104,1.17500,87.09651,0
1505618283,21619102,1.17500,726.35833,0
1505618282,21619101,1.17499,103.76217,0
1505618281,21619097,1.17499,173.55040,0
1505618267,21619092,1.17499,103.77199,0
1505618254,21619081,1.17499,103.77692,0
1505618254,21619080,1.17499,185.03135,0
1505618241,21619072,1.17500,103.64675,0
1505618214,21619066,1.17499,22.51427,0
1505618213,21619062,1.17499,208.49178,0
1505618192,21619056,1.17499,48.88000,0
1505618190,21619050,1.17499,48.88000,0
1505618188,21619046,1.17499,48.88000,0
1505618157,21619041,1.17499,67.77000,0
1505618147,21619036,1.17500,1131.99030,0
1505618146,21619034,1.17499,9.99970,0
1505618102,21619018,1.17500,234.13131,0
1505618102,21619017,1.17500,137.23000,0
1505618102,21619016,1.17500,97.04853,0
1505618101,21619015,1.17500,199.61489,0
1505618100,21619014,1.17500,67.65105,0
1505618100,21619013,1.17500,61.34406,0
1505618099,21619011,1.17500,80.05006,0
1505618099,21619010,1.17500,17.16994,0
1505618098,21619009,1.17500,57.38686,0
1505618098,21619007,1.17500,48.82469,0
1505618097,21619003,1.17500,74.80004,0
1505618093,21618987,1.17500,209.20267,0
1505618091,21618986,1.17499,61.22907,0
1505618090,21618983,1.17499,310.15000,1
1505618090,21618979,1.17500,377.63000,0
1505618089,21618977,1.17500,67.48000,0
1505618089,21618974,1.17500,309.88144,0
1505618080,21618943,1.17499,12.47748,0
1505618078,21618942,1.17499,49.77000,0
1505618076,21618938,1.17499,55.17492,0
1505618064,21618931,1.17499,110.35837,0
1505618051,21618918,1.17499,17.88292,0
1505618049,21618913,1.17499,61.99000,0
1505618049,21618911,1.17499,17.42952,0
1505618046,21618906,1.17499,109.33000,0
1505618045,21618902,1.17499,37.92749,0
1505618044,21618900,1.17499,48.86849,0
1505618041,21618894,1.17499,31.44432,0
1505618040,21618892,1.17499,48.85000,0
1505617850,21618828,1.17500,216.25623,0
1505617849,21618827,1.17500,215.99999,0
1505617845,21618823,1.17500,131.69311,0
1505617845,21618822,1.17500,77.91488,0
1505617845,21618821,1.17499,0.79140,0
1505617840,21618813,1.17499,374.35695,1
1505617839,21618812,1.17499,0.39570,0
1505617837,21618808,1.17499,374.75265,0
1505617823,21618800,1.17499,414.04591,0
1505617806,21618798,1.17500,722.48172,0
1505617801,21618792,1.17500,320.79041,0
1505617801,21618790,1.17499,426.94235,0
1505617798,21618782,1.17499,425.85332,0
1505617501,21618697,1.17500,528.86298,0
1505617500,21618695,1.17500,105.82863,0
1505617500,21618693,1.17500,92.90211,0
1505617498,21618689,1.17500,328.01928,0
1505617497,21618687,1.17500,15.49496,0
1505617497,21618685,1.17499,410.77905,0
1505617493,21618679,1.17499,442.96182,0
