date,tid,price,amount,type
1505692309,21687369,0.01384999,1.27033166,0
1505691977,21687051,0.01379997,1.00000000,0
1505691951,21687005,0.01379584,0.99999986,1
1505691951,21687004,0.01379673,0.00038414,1
1505691947,21687000,0.01379673,5.45034947,1
1505691909,21686980,0.01379673,4.54926639,1
1505691620,21686816,0.01388000,20.30060933,0
1505691619,21686815,0.01387999,0.19649037,0
1505691619,21686814,0.01387998,1.92656330,0
1505691612,21686800,0.01387999,13.78737187,0
1505691612,21686799,0.01382981,0.00000013,0
1505691593,21686744,0.01382981,5.68079527,0
1505691593,21686742,0.01382981,12.33961373,0
1505691591,21686739,0.01382981,1.00000000,0
1505691485,21686603,0.01377999,1.00000000,0
1505691469,21686594,0.01378000,3.81626017,0
1505691463,21686592,0.01378999,0.49966550,0
1505691392,21686578,0.01381997,0.48551033,0
1505691353,21686557,0.01380000,0.16916507,0
1505691349,21686555,0.01380000,1.00000000,0
1505691336,21686553,0.01380997,1.00000000,0
1505691162,21686506,0.01380000,3.61413043,1
1505691131,21686495,0.01381997,1.00000000,0
1505691131,21686494,0.01381997,0.16289428,0
1505691016,21686427,0.01380011,3.19706734,1
1505690730,21686275,0.01381109,96.42984863,1
1505690730,21686274,0.01382079,13.34000000,1
1505690730,21686273,0.01382148,5.68118702,1
1505690730,21686272,0.01384899,0.13679993,1
1505690711,21686257,0.01385997,1.00000000,0
1505690564,21686128,0.01387997,9.37530300,0
1505690485,21686086,0.01384899,6.28889050,1
1505690485,21686085,0.01385366,0.14129950,1
1505690480,21686084,0.01385366,1.27169550,1
1505689777,21685662,0.01390998,26.51000000,1
1505689776,21685657,0.01390999,4.46261100,0
1505689684,21685553,0.01390000,18.56792000,0
1505689682,21685551,0.01390999,2.00726240,0
1505688449,21685130,0.01387069,0.57947311,1
1505688447,21685128,0.01390999,0.15616402,0
1505688351,21685070,0.01389000,0.78958000,0
1505688341,21685069,0.01389000,0.78958000,0
1505688334,21685064,0.01389000,1.87969762,0
1505688332,21685059,0.01389000,0.78958000,0
1505688319,21685057,0.01388999,0.78958000,0
1505688310,21685056,0.01388999,0.78957000,0
1505688303,21685047,0.01389000,0.78958000,0
1505688296,21685037,0.01389000,0.18603700,0
1505688296,21685036,0.01387073,0.60354300,0
1505688292,21685030,0.01388999,0.78958000,1
1505688269,21685024,0.01387099,0.91526300,0
1505688264,21685022,0.01387099,0.57786000,0
1505688260,21685020,0.01387099,1.00000000,0
1505688191,21684963,0.01388000,1.60865329,0
1505688182,21684957,0.01388000,1.60698847,0
1505688176,21684945,0.01388000,0.78986000,0
1505688170,21684931,0.01388000,0.78986000,0
1505688166,21684925,0.01388000,1.10000000,0
1505688164,21684919,0.01388000,1.09942363,0
1505688164,21684915,0.01388000,0.78986000,0
1505688159,21684902,0.01388001,0.78986000,1
1505688139,21684889,0.01389000,1.00000000,0
1505688136,21684886,0.01388000,1.10122478,0
1505688134,21684881,0.01388000,0.78958000,0
1505688130,21684877,0.01389000,5.47119700,0
1505688123,21684875,0.01389000,0.89472000,0
1505688110,21684871,0.01389000,1.10000000,0
1505688104,21684856,0.01389000,7.85628044,0
1505688019,21684820,0.01392000,1.09978604,0
1505688015,21684819,0.01392000,1.10000000,0
1505688010,21684807,0.01392000,2.67771969,0
1505687971,21684793,0.01393000,1.10000000,0
1505687961,21684772,0.01393000,1.60394831,0
1505687943,21684764,0.01393000,2.19246231,0
1505687924,21684738,0.01393000,2.70302789,0
1505687923,21684730,0.01392999,1.09059100,0
1505687917,21684719,0.01392999,1.58678700,0
1505687832,21684661,0.01391999,4.80943722,0
1505687805,21684645,0.01391999,1.60624600,0
1505687730,21684609,0.01392000,3.77341954,0
1505687727,21684597,0.01392000,16.25337897,0
1505687722,21684574,0.01392000,1.59840995,0
1505687693,21684528,0.01392000,1.87478448,1
1505687683,21684511,0.01389033,6.53005611,1
1505687683,21684510,0.01389034,1.74198689,1
1505687678,21684504,0.01390999,12.27204333,1
1505687659,21684486,0.01391000,21.85768284,0
1505687659,21684485,0.01390999,7.39939839,0
1505687642,21684479,0.01389033,2.70000000,1
1505687629,21684477,0.01390694,3.46898654,1
1505687551,21684468,0.01390694,0.00369060,1
1505687551,21684467,0.01390695,5.27129940,1
1505687385,21684389,0.01398000,14.00715307,0
1505687272,21684334,0.01397000,26.07164800,0
1505687119,21684268,0.01398000,22.14613733,0
1505687080,21684260,0.01397000,21.04473872,0
1505686826,21683543,0.01396999,6.82938609,0
1505686824,21683531,0.01396999,0.86914979,0
1505686824,21683530,0.01396999,1.40000000,0
1505686727,21683170,0.01396999,10.21274889,0
1505686686,21683016,0.01395000,5.53850910,0
1505686536,21682749,0.01391000,5.91107117,0
1505686528,21682738,0.01390999,14.20600000,0
1505686491,21682635,0.01390000,68.02028776,0
1505686437,21682509,0.01387069,5.21525798,1
1505686350,21682321,0.01388000,6.00000000,0
1505686349,21682320,0.01387747,14.37690012,0
1505686349,21682319,0.01387746,15.06360083,0
1505686349,21682318,0.01387745,53.12005385,0
1505686344,21682290,0.01387746,5.81756720,0
1505686332,21682229,0.01387746,0.28000000,0
1505686295,21682135,0.01385694,0.96874676,1
1505686286,21682098,0.01385694,0.09890000,1
1505686286,21682096,0.01385833,1.00000000,1
1505686088,21681640,0.01391968,0.71661561,0
1505684804,21679297,0.01387181,1.09963417,1
1505684804,21679296,0.01391178,0.00036083,1
1505684697,21679220,0.01392000,1.00000000,0
1505684691,21679216,0.01391178,17.61192099,1
1505684578,21679104,0.01398000,71.99604960,0
1505684064,21678776,0.01400927,1.25367000,1
1505684052,21678758,0.01400927,10.99923077,0
1505684050,21678749,0.01400928,10.99019231,0
1505684031,21678705,0.01400932,3.23399300,1
1505684030,21678703,0.01400933,4.84829841,0
1505684024,21678685,0.01400923,8.06461539,0
1505683966,21678656,0.01396002,4.99961390,1
1505683959,21678644,0.01396017,1.62018900,1
1505683957,21678639,0.01396017,1.61383900,1
1505683956,21678633,0.01396020,1.62010200,1
1505683940,21678616,0.01400998,4.00000000,0
1505683928,21678608,0.01401000,1.61001642,1
1505683923,21678602,0.01401001,15.58000500,1
1505683923,21678601,0.01401001,35.02456500,1
1505683923,21678599,0.01401001,1.00000000,1
1505683922,21678597,0.01401000,77.96477374,1
1505683920,21678593,0.01399927,14.28000000,0
1505683920,21678592,0.01399926,45.21400000,0
1505683918,21678591,0.01394023,1.62203900,1
1505683854,21678542,0.01393031,1.75588844,1
1505683802,21678501,0.01393997,10.33025700,0
1505683797,21678499,0.01393997,2.52308600,0
1505683793,21678497,0.01393991,26.74547800,0
1505683669,21678432,0.01393961,0.53669292,0
1505682906,21677936,0.01389127,1.00000000,1
1505682841,21677851,0.01387715,4.27288187,1
1505682839,21677843,0.01387325,11.82696155,1
1505682838,21677841,0.01387339,0.66814883,1
1505682837,21677830,0.01387712,3.00000000,0
1505682836,21677829,0.01387712,1.62614900,0
1505682836,21677827,0.01387712,3.24281100,0
1505682304,21677253,0.01400789,4.27250668,0
1505681722,21676401,0.01397999,2.85144975,0
1505681711,21676383,0.01397999,32.32771100,0
1505680987,21676011,0.01388025,58.00000000,1
1505680616,21675746,0.01392000,9.00000000,1
1505680615,21675745,0.01392001,3.05855743,1
1505680607,21675742,0.01392001,0.75344700,1
1505680301,21675586,0.01391179,31.49328735,1
1505680072,21675486,0.01393000,0.78767000,0
1505680066,21675484,0.01393000,0.78767000,0
1505680062,21675483,0.01393000,0.78767000,0
1505680054,21675482,0.01393000,0.78767000,0
1505680049,21675481,0.01393000,0.78767000,0
1505680041,21675480,0.01393000,0.78767000,0
1505680032,21675479,0.01393000,0.78767000,0
1505680020,21675471,0.01393000,0.78767000,0
1505680014,21675470,0.01393000,0.78767000,0
1505680009,21675464,0.01393000,0.78735000,0
1505679978,21675450,0.01393999,2.00000000,0
1505679770,21675364,0.01395000,0.39687000,0
1505679717,21675348,0.01389310,1.00000000,1
1505679692,21675336,0.01394988,3.52528008,0
1505679686,21675333,0.01394987,9.89417347,1
1505679665,21675322,0.01394965,1.10202217,0
1505679534,21675228,0.01389027,2.02000000,1
1505679275,21675001,0.01394999,13.84997408,0
1505678937,21674682,0.01393999,1.17360198,0
1505678918,21674656,0.01394000,1.34804300,0
1505678652,21674501,0.01396000,0.78513000,0
1505678643,21674481,0.01395991,0.78513000,0
1505678628,21674476,0.01395000,0.78513000,0
1505678622,21674473,0.01395000,1.86064516,0
1505678618,21674463,0.01394997,3.72222363,0
1505678590,21674444,0.01396000,1.86633237,0
1505678587,21674438,0.01395997,1.78900666,0
1505678583,21674432,0.01396000,3.71647988,0
1505678532,21674399,0.01393212,2.40000000,1
1505678413,21674303,0.01400999,34.27634300,0
1505678412,21674294,0.01400996,22.59000000,0
1505678363,21674255,0.01393178,3.27402998,0
1505678362,21674254,0.01393178,20.00000000,0
1505678361,21674253,0.01393178,34.50725800,0
1505678361,21674252,0.01393178,100.01003000,0
1505678361,21674251,0.01393178,9.80000000,0
1505678361,21674250,0.01393178,14.61804600,0
1505678359,21674248,0.01393179,12.18592216,1
1505678359,21674247,0.01393181,59.19383408,1
1505678359,21674246,0.01393183,170.59200000,1
1505678359,21674245,0.01393186,30.89366254,1
1505678268,21674186,0.01400993,1.80178800,0
1505678170,21674059,0.01398000,18.45860000,0
1505678115,21674001,0.01398000,0.78429000,0
1505678108,21673997,0.01398000,0.78429000,0
1505678101,21673944,0.01398000,0.78429000,0
1505678100,21673943,0.01397999,1.54894596,0
1505678095,21673939,0.01397999,0.78429000,0
1505678095,21673938,0.01397999,1.10057303,0
1505678089,21673935,0.01398000,0.78429000,0
1505678086,21673933,0.01398000,3.67056988,0
1505678086,21673931,0.01398000,3.06108726,0
1505678084,21673924,0.01398000,13.05221745,0
1505678083,21673921,0.01398000,0.78429000,0
1505678081,21673913,0.01398000,1.47461713,0
1505678080,21673910,0.01397999,0.00016147,0
1505678080,21673909,0.01397999,3.29532159,0
1505678078,21673907,0.01397999,0.78429000,0
1505678068,21673904,0.01398000,2.34155937,0
1505678025,21673866,0.01392125,4.26286605,1
1505677645,21673630,0.01403983,4.26286605,0
1505677366,21673406,0.01396242,0.60000000,1
1505677241,21673325,0.01401997,1.57396688,0
1505677160,21673282,0.01400000,1.10128571,0
1505677158,21673276,0.01400000,1.33027348,0
1505677151,21673271,0.01401999,1.09957282,0
1505677147,21673269,0.01401999,1.10000000,0
1505676900,21673138,0.01403000,1.27116341,0
1505676900,21673137,0.01402998,0.30688363,0
1505676893,21673132,0.01400999,1.53441816,0
1505676883,21673117,0.01399987,1.57744321,0
1505676685,21672861,0.01398000,13.00487472,0
1505676685,21672859,0.01397999,4.66372327,0
1505676684,21672852,0.01396000,35.05114575,0
1505676574,21672794,0.01396000,1.33795102,0
1505676517,21672766,0.01396000,5.48488538,0
1505676455,21672738,0.01396000,1.87211032,0
1505676453,21672737,0.01396000,1.58308900,0
1505675211,21671845,0.01396000,4.45185888,0
1505675168,21671823,0.01395953,2.29157588,0
1505675140,21671789,0.01395953,0.26229000,0
1505674460,21670889,0.01394996,0.78650000,0
1505674443,21670824,0.01394996,0.78650000,0
1505674433,21670798,0.01394996,0.78645000,0
1505674189,21670430,0.01388282,13.05811837,1
1505674189,21670428,0.01388283,1.24188163,1
1505674081,21670299,0.01392999,0.64000000,1
1505674049,21670267,0.01391000,0.78763000,0
1505674043,21670265,0.01391000,0.78763000,0
1505674038,21670264,0.01390999,0.78763000,0
1505674032,21670263,0.01390999,0.78763000,0
1505674026,21670261,0.01390999,0.78763000,0
1505674019,21670259,0.01390999,0.78763000,0
1505674008,21670257,0.01390999,0.78763000,0
1505673706,21669748,0.01389233,1.00000000,1
1505673255,21669262,0.01392000,0.78735000,1
1505673235,21669246,0.01392000,0.78735000,1
1505673066,21669025,0.01394994,0.78650000,0
1505673041,21669009,0.01393999,0.91119000,0
1505673032,21668997,0.01393999,1.58617000,0
1505673020,21668972,0.01393999,0.78678000,0
1505673010,21668937,0.01393999,1.00000000,0
1505672999,21668908,0.01393999,0.78678000,0
1505672994,21668899,0.01393999,0.89198000,0
1505672988,21668878,0.01393999,0.78678000,0
1505672982,21668869,0.01393999,0.75361000,0
1505672976,21668856,0.01393999,0.78678000,0
1505672965,21668849,0.01393000,1.00000000,1
1505672940,21668816,0.01391999,1.01424541,0
1505672935,21668811,0.01391999,1.31787523,0
1505672931,21668804,0.01391999,2.00000000,0
1505672926,21668796,0.01391999,2.00000000,0
1505672920,21668791,0.01391999,2.00000000,0
1505672915,21668779,0.01392000,0.42270203,0
1505672909,21668773,0.01392000,2.00000000,0
1505672906,21668768,0.01392000,3.40601842,0
1505672904,21668762,0.01392000,2.00000000,0
1505672893,21668737,0.01394000,3.38442800,0
1505672893,21668736,0.01394000,1.00000000,0
1505672886,21668695,0.01393103,1.00000000,1
1505672880,21668666,0.01397000,7.21931432,1
1505672879,21668664,0.01397999,12.14391000,0
1505672879,21668662,0.01397000,1.98924500,1
1505672876,21668649,0.01397000,2.40938268,1
1505672876,21668648,0.01397001,4.80993132,1
1505672865,21668587,0.01397000,0.76537700,1
1505672863,21668577,0.01397000,17.61668100,1
1505672803,21668396,0.01403998,12.34882888,0
1505672803,21668392,0.01401997,13.31035600,0
1505672732,21668290,0.01400971,0.78345000,0
1505672724,21668286,0.01400972,0.78345000,0
1505672719,21668271,0.01400973,0.78345000,0
1505672714,21668235,0.01400974,0.78345000,0
1505672708,21668224,0.01400974,0.78345000,0
1505672701,21668221,0.01400976,0.78345000,0
1505672695,21668218,0.01400976,0.78345000,0
1505672689,21668214,0.01400978,0.78345000,0
1505672677,21668212,0.01400980,0.78345000,0
1505672671,21668204,0.01400980,0.78344000,0
1505672471,21667952,0.01400000,30.47668739,0
1505672427,21667912,0.01400993,0.78236000,0
1505672420,21667891,0.01400993,0.78236000,0
1505672368,21667858,0.01401614,0.78218000,0
1505672358,21667848,0.01401614,0.78218000,0
1505672324,21667809,0.01401615,1.83217217,0
1505672304,21667712,0.01401621,2.00423059,1
1505672304,21667709,0.01401620,2.58924141,0
1505672304,21667707,0.01401620,2.00424100,0
1505672304,21667705,0.01401620,154.80351759,0
1505672303,21667703,0.01401617,4.59347741,0
1505672139,21667550,0.01398415,4.60920889,1
1505672090,21667494,0.01401989,1.00000000,1
1505672025,21667456,0.01402883,0.57156000,0
1505672013,21667433,0.01402903,0.79000000,0
1505671891,21667313,0.01400996,0.69208000,0
1505671891,21667312,0.01397098,0.09000000,0
1505671792,21667137,0.01397815,0.91000000,1
1505671769,21667123,0.01401997,2.84595759,0
1505671745,21667113,0.01397786,1.00000000,1
1505671645,21667009,0.01399997,1.00000000,0
1505671630,21666988,0.01400997,0.78316000,0
1505671621,21666968,0.01400000,0.78288000,0
1505671611,21666963,0.01402997,0.78289000,0
1505671425,21666665,0.01399830,0.78377000,0
1505671419,21666644,0.01399830,0.78377000,0
1505671408,21666621,0.01399831,0.78377000,0
1505671398,21666613,0.01399835,0.78377000,0
1505671388,21666607,0.01399838,0.78383000,0
1505671388,21666606,0.01399839,0.78377000,0
1505671382,21666600,0.01399842,0.84216000,0
1505671367,21666575,0.01392311,10.76510500,1
1505671351,21666528,0.01399851,0.91000000,0
1505671344,21666522,0.01399852,1.00000000,0
1505671209,21666440,0.01392064,1.50000000,1
1505671165,21666426,0.01392693,13.14736300,0
1505670870,21666216,0.01397974,5.00000000,0
1505670690,21666022,0.01394000,7.55306505,0
1505670690,21666021,0.01393999,7.75002635,0
1505670686,21666015,0.01393999,1.57661291,1
1505670558,21665845,0.01397999,1.47997244,0
1505670309,21665434,0.01397999,7.89120735,0
1505670291,21665350,0.01395999,9.62708793,0
1505670179,21665122,0.01401000,4.76745069,0
1505670174,21665108,0.01402000,3.07815730,0
1505670174,21665107,0.01400000,0.48781470,0
1505670162,21665095,0.01400000,3.13390026,0
1505670095,21664971,0.01399999,2.98850080,0
1505669903,21664560,0.01399000,3.14486280,0
1505668987,21662965,0.01391116,5.49370100,1
1505668942,21662891,0.01397000,44.27990863,0
1505667122,21661878,0.01390983,21.66600000,0
1505666661,21661537,0.01388000,1.30345300,0
1505666661,21661535,0.01388000,1.60563103,0
1505666428,21661325,0.01389976,8.97118381,0
1505666427,21661318,0.01389973,22.32827103,0
1505666174,21661067,0.01384900,2.55760000,1
1505665718,21660576,0.01386900,11.11261500,0
1505665706,21660548,0.01386900,27.08300000,0
1505665703,21660544,0.01386900,4.22275200,0
1505665703,21660543,0.01386899,2.90586100,0
1505665698,21660533,0.01386899,2.23631700,0
1505665686,21660519,0.01386899,1.88564560,0
1505665589,21660419,0.01386899,3.81512726,0
1505665586,21660418,0.01386899,2.88535790,0
1505665567,21660406,0.01386900,7.58163300,0
1505665447,21660337,0.01386899,4.31984388,0
1505665202,21660062,0.01385000,1.00000000,1
1505665155,21659966,0.01387000,0.86279122,1
1505665125,21659850,0.01387939,11.51083988,1
1505665125,21659849,0.01387939,31.49366254,1
1505665123,21659843,0.01380125,8.52307246,1
1505665123,21659842,0.01380128,25.02480754,1
1505665016,21659537,0.01385126,0.20000000,1
1505664948,21659306,0.01385126,13.80693800,1
1505664943,21659270,0.01385127,10.37592300,1
1505664922,21659166,0.01385126,1.61841900,1
1505664918,21659145,0.01385124,13.17749127,0
1505664918,21659144,0.01385123,4.53339969,0
1505664917,21659135,0.01385123,0.68952631,0
1505664909,21659083,0.01385121,21.65724500,1
1505664909,21659081,0.01385121,12.10213900,1
1505664902,21659046,0.01385117,4.84635400,1
1505664895,21659016,0.01385116,4.85043600,1
1505664847,21658771,0.01391000,136.31809507,0
1505664847,21658769,0.01390999,10.38522539,0
1505664847,21658766,0.01390998,4.99281793,0
1505664847,21658763,0.01389988,0.68908661,0
1505664726,21658141,0.01387000,1.15903028,0
1505664546,21657850,0.01386000,0.20000000,0
1505664538,21657838,0.01387000,1.00000000,0
1505664527,21657823,0.01387000,0.68908661,0
1505664525,21657822,0.01387412,16.36594500,1
1505664289,21657656,0.01390000,4.36798561,0
1505664286,21657652,0.01390000,1.54568784,0
1505664283,21657643,0.01389000,55.57282816,0
1505664279,21657636,0.01389000,37.63512369,0
1505664278,21657634,0.01388999,16.36595031,0
1505664270,21657620,0.01389000,30.37090900,0
1505664131,21657453,0.01390999,1.88785201,0
1505663474,21657031,0.01388610,1.89472487,0
1505663122,21656786,0.01395999,1.61683273,0
1505662855,21656545,0.01390062,2.16039000,1
1505662854,21656544,0.01390062,6.95909000,1
1505662853,21656543,0.01390062,14.74740000,1
1505662684,21656305,0.01396000,0.57800359,0
1505662682,21656300,0.01396000,7.16296561,1
1505662624,21656259,0.01397000,1.88818897,0
1505662419,21656015,0.01393999,19.46565290,0
1505662407,21655967,0.01392999,9.66129572,0
1505662405,21655957,0.01392999,6.06603800,0
1505662405,21655953,0.01392999,5.58270321,0
1505662394,21655933,0.01393000,0.45872403,0
1505662394,21655932,0.01392999,0.64106075,0
1505662393,21655929,0.01392999,1.09976526,0
1505662390,21655925,0.01393000,1.61823402,0
1505661989,21655708,0.01391000,78.00739809,0
1505661781,21655648,0.01393000,1.96674537,0
1505661780,21655647,0.01393000,1.00286600,0
1505661761,21655609,0.01393000,2.25842773,0
1505661760,21655607,0.01392000,0.98935832,0
1505661759,21655605,0.01392000,9.26981567,0
1505661758,21655604,0.01392001,1.74082601,1
1505661754,21655594,0.01392000,0.73018433,1
1505661754,21655593,0.01392000,47.26981567,1
1505661739,21655578,0.01393000,3.24807858,0
1505661712,21655568,0.01393000,1.35671213,0
1505661711,21655563,0.01393000,40.45089734,0
1505661640,21655472,0.01393999,6.85036124,0
1505661635,21655462,0.01393999,3.74993095,0
1505661585,21655410,0.01395000,1.62107526,0
1505661066,21655060,0.01390999,2.00000000,0
1505661061,21655042,0.01390998,3.56459100,0
1505660713,21654796,0.01387000,41.61570000,0
1505660711,21654794,0.01387000,0.00522377,0
1505660710,21654793,0.01386997,7.46759623,0
1505660475,21654621,0.01380135,2.00000000,1
1505659658,21654234,0.01382231,6.00000000,1
1505659492,21654089,0.01391000,11.72482099,0
1505658471,21653359,0.01394995,1.91482000,0
1505658431,21653334,0.01395000,1.63049733,0
1505658213,21653026,0.01398992,1.52236271,0
1505658205,21652984,0.01398993,1.49671942,0
1505658200,21652944,0.01398993,48.35881087,0
1505658200,21652939,0.01398992,15.69699937,0
1505658199,21652937,0.01396992,0.00000576,0
1505658199,21652935,0.01396992,14.29999424,0
1505658186,21652800,0.01389487,1.46759623,1
1505658103,21652642,0.01397999,0.49481283,0
1505656718,21651013,0.01398999,13.79753300,0
1505656233,21650595,0.01395999,30.00000000,0
1505656133,21650533,0.01396060,6.09678777,1
1505656133,21650532,0.01396060,0.64060900,1
1505656121,21650522,0.01396060,1.97999500,1
1505656120,21650521,0.01398999,0.00000500,1
1505656119,21650520,0.01398999,2.62060400,1
1505655866,21650336,0.01402999,3.63316224,1
1505655865,21650334,0.01402999,4.71395718,0
1505655694,21650155,0.01401000,16.52979098,0
1505655686,21650134,0.01400999,3.23433800,0
1505655564,21649941,0.01410000,16.78849835,0
1505655564,21649940,0.01410000,46.13205200,1
1505655564,21649937,0.01407097,1.00000000,0
1505655564,21649935,0.01405989,0.79860334,0
1505655563,21649934,0.01405989,8.08130800,1
1505655563,21649933,0.01404995,15.14345868,0
1505655563,21649932,0.01404991,3.99301670,0
1505655562,21649931,0.01404990,15.14345868,0
1505655562,21649930,0.01404989,176.98900000,1
1505655560,21649928,0.01400000,0.00000594,0
1505655528,21649879,0.01398769,1.63111000,1
1505655507,21649840,0.01400000,1.00918600,0
1505655503,21649832,0.01400000,1.61142300,0
1505655500,21649823,0.01400000,29.52016800,0
1505655500,21649822,0.01398765,2.62060900,0
1505655461,21649767,0.01398765,0.77939100,0
1505655391,21649485,0.01398000,50.00000000,0
1505655382,21649457,0.01398000,28.38000000,0
1505655374,21649437,0.01398000,3.40428818,0
1505655374,21649435,0.01397999,15.39571182,0
1505655365,21649415,0.01398000,20.24000000,0
1505655132,21648728,0.01395989,28.23633554,0
1505655132,21648726,0.01395000,0.73191218,0
1505655129,21648718,0.01395990,1.96096831,0
1505655124,21648704,0.01395993,13.47025846,0
1505654777,21648232,0.01382573,1.65254477,0
1505654760,21648208,0.01386000,1.64815989,0
1505654755,21648200,0.01382000,0.90000000,1
1505654517,21647989,0.01388507,2.02669189,0
1505654499,21647964,0.01388507,21.82100100,0
1505654495,21647953,0.01388507,1.65631263,0
1505654494,21647950,0.01388507,0.48031312,0
1505654494,21647949,0.01388504,0.51968688,0
1505654493,21647947,0.01386000,22.47358062,1
1505654493,21647946,0.01388235,1.00000000,1
1505654493,21647945,0.01388247,7.89071938,1
1505654493,21647944,0.01388500,0.15140000,1
1505654356,21647800,0.01391968,0.17870000,0
1505653908,21647655,0.01391000,1.00000000,0
1505653817,21647592,0.01390999,0.99000000,0
1505653672,21647502,0.01391000,1.00000000,1
1505653598,21647446,0.01382000,16.24563633,1
1505653597,21647445,0.01382000,35.17885025,0
1505653597,21647444,0.01382008,1.84593874,1
1505653597,21647443,0.01382008,9.23691822,1
1505653597,21647442,0.01382008,104.00000000,0
1505653596,21647440,0.01385000,127.00000000,1
1505653596,21647439,0.01385560,2.79989531,1
1505653596,21647437,0.01388196,1.00000000,1
1505653595,21647436,0.01388197,2.69276115,1
1505653408,21647361,0.01387046,8.73906079,0
1505653204,21647258,0.01390963,1.94850617,0
1505653194,21647243,0.01391000,48.87894426,0
1505653194,21647242,0.01390999,2.69298973,0
1505653193,21647239,0.01390956,44.94256731,0
1505653193,21647233,0.01390956,113.56543269,0
1505653192,21647229,0.01390960,55.07129800,0
1505653192,21647228,0.01390957,27.62389093,0
1505652468,21646817,0.01390650,2.86917916,0
1505651566,21646435,0.01393946,2.15251379,0
1505651035,21646199,0.01388174,1.00000000,1
1505649535,21645561,0.01382523,18.30307755,1
1505649412,21645508,0.01384032,28.44900000,1
1505649290,21645403,0.01384012,6.64703233,1
1505649290,21645402,0.01384013,3.06667017,1
1505649045,21645257,0.01384909,10.00000000,1
1505648610,21644916,0.01383500,32.95355000,0
1505648609,21644913,0.01383500,6.04645000,0
1505648476,21644838,0.01383009,7.57025606,1
1505648475,21644837,0.01383009,1.00000000,1
1505648350,21644705,0.01384865,1.00000000,0
1505648317,21644679,0.01384859,1.00000000,0
1505648174,21644603,0.01384998,0.29830000,0
1505648173,21644602,0.01381639,0.70170000,0
1505648160,21644591,0.01383445,0.29830000,1
1505648137,21644555,0.01385968,1.00000000,0
1505648072,21644503,0.01381015,19.70999500,0
1505647826,21644347,0.01381639,8.57066300,1
1505647825,21644346,0.01389962,1.79412459,0
1505647526,21644221,0.01379001,4.09013100,1
1505647526,21644220,0.01379389,1.90077400,1
1505647524,21644209,0.01379000,18.17438500,1
1505647524,21644206,0.01382484,1.00000000,1
1505647524,21644200,0.01382487,1.56561000,1
1505647524,21644197,0.01382487,1.00000000,1
1505647523,21644187,0.01382487,5.99090500,1
1505647412,21644078,0.01383014,1.01912177,1
1505647323,21644005,0.01385001,5.98874600,1
1505646784,21643720,0.01381016,3.75345906,1
1505646784,21643717,0.01381016,20.01339667,1
1505646784,21643716,0.01381016,19.70308795,1
1505646783,21643712,0.01381019,20.22952690,1
1505646756,21643686,0.01377051,20.22939764,1
1505646756,21643685,0.01377051,23.75696982,1
1505646754,21643679,0.01377051,2.00650158,1
1505646710,21643643,0.01383338,1.00000000,1
1505646697,21643638,0.01381917,1.00000000,0
1505646684,21643636,0.01381937,1.00000000,0
1505646658,21643577,0.01381950,1.00000000,0
1505646641,21643575,0.01374100,0.64000000,1
1505646583,21643562,0.01380000,0.64778791,1
1505646583,21643561,0.01380000,0.35221209,1
1505646476,21643493,0.01380000,0.27378791,1
1505646476,21643492,0.01380000,10.10779557,1
1505646475,21643491,0.01380196,1.00000000,1
1505646409,21643351,0.01384995,0.79108000,0
1505646399,21643349,0.01384996,0.98000000,0
1505646390,21643344,0.01385969,1.00000000,0
1505646289,21643269,0.01380011,34.42504256,1
1505646166,21643198,0.01380006,13.41462319,1
1505645739,21643010,0.01380000,4.87121998,1
1505645625,21642949,0.01380000,8.15141923,1
1505645625,21642948,0.01380000,7.75823477,1
1505645623,21642942,0.01380000,12.64803515,1
1505645623,21642940,0.01380014,5.81722720,1
1505645623,21642939,0.01380632,1.74373765,1
1505645605,21642821,0.01383999,3.62565028,0
1505645586,21642795,0.01384998,1.22989324,1
1505645582,21642785,0.01384998,4.84075218,0
1505645482,21642701,0.01390971,3.60108154,0
1505645076,21642503,0.01387840,42.82206571,1
1505645076,21642501,0.01387841,15.29939229,1
1505644955,21642422,0.01391000,39.42069549,0
1505644954,21642421,0.01390999,15.29940319,0
1505644954,21642416,0.01390993,9.68833941,0
1505644954,21642414,0.01390993,15.29939800,0
1505644851,21642348,0.01387840,3.13669500,1
1505644829,21642343,0.01387840,88.81565300,1
1505644821,21642338,0.01387840,6.64874914,1
1505644621,21642295,0.01392947,1.00000000,0
1505644604,21642289,0.01388249,1.00000000,1
1505644602,21642287,0.01392965,2.50592513,0
1505644569,21642258,0.01388470,0.93851942,1
1505644562,21642253,0.01391840,1.00000000,0
1505644554,21642252,0.01391859,1.00000000,0
1505644541,21642247,0.01391883,1.00000000,0
1505644515,21642236,0.01391925,1.00000000,1
1505644500,21642226,0.01391918,1.00000000,0
1505644476,21642209,0.01391950,0.78649826,0
1505644472,21642208,0.01391949,1.00000000,0
1505644391,21642159,0.01384738,2.97281000,0
1505644388,21642152,0.01384738,31.49366254,0
1505644388,21642148,0.01385562,0.04372111,1
1505644387,21642142,0.01385562,0.95627889,1
1505644276,21642067,0.01390229,1.00000000,1
1505643991,21641814,0.01391995,1.00334268,0
1505642981,21640925,0.01391858,31.49366254,0
1505642734,21640715,0.01380000,36.13917738,0
1505642734,21640714,0.01380000,9.41286700,0
1505642733,21640713,0.01380000,185.00000000,0
1505642732,21640712,0.01380000,58.70492519,0
1505642732,21640709,0.01380000,149.00000000,1
1505642732,21640708,0.01380012,2.08730769,1
1505642732,21640707,0.01381871,1.00000000,1
1505642732,21640706,0.01384000,0.71976435,1
1505642732,21640705,0.01384002,159.57500000,1
1505642732,21640704,0.01384004,10.42583127,1
1505642731,21640703,0.01385000,3.27742612,1
1505642731,21640702,0.01385010,0.61594742,1
1505642731,21640701,0.01385013,29.82032304,1
1505642641,21640600,0.01385001,0.74056213,0
1505642640,21640599,0.01385001,1.22903934,0
1505642612,21640532,0.01385000,5.36818005,0
1505642612,21640530,0.01385000,1.44367700,0
1505642609,21640526,0.01385000,42.23187500,0
1505642607,21640524,0.01385000,3.47594500,0
1505642605,21640522,0.01385000,3.33591200,0
1505642601,21640519,0.01385000,14.39963300,0
1505642600,21640516,0.01385000,17.70019100,0
1505642600,21640514,0.01385000,3.78572800,0
1505642599,21640513,0.01385000,3.28469400,0
1505642599,21640512,0.01385000,1.84720700,0
1505642599,21640505,0.01385000,15.00000000,0
1505642598,21640504,0.01385000,17.84000000,0
1505642598,21640502,0.01385000,4.09000000,0
1505642594,21640499,0.01385000,8.91886500,0
1505642593,21640494,0.01385000,2.90924100,0
1505642586,21640486,0.01385000,2.08662600,0
1505642585,21640484,0.01385000,79.19547500,0
1505642585,21640482,0.01385000,59.04566300,0
1505642585,21640480,0.01385000,17.28140300,0
1505642584,21640474,0.01385000,15.79428200,0
1505642581,21640471,0.01385000,2.21000000,0
1505642581,21640470,0.01385000,11.00549000,0
1505642580,21640462,0.01384997,27.04951360,0
1505642578,21640455,0.01385000,6.97124300,0
1505642577,21640454,0.01385000,10.00033595,0
1505642577,21640451,0.01385000,0.00000505,0
1505642577,21640449,0.01385000,16.01421100,0
1505642574,21640445,0.01385000,15.81942000,0
1505642573,21640442,0.01385000,22.07797833,0
1505642572,21640441,0.01385000,50.85622800,0
1505642571,21640435,0.01385000,2.60335000,0
1505642570,21640434,0.01385000,22.26187900,0
1505642570,21640433,0.01385000,10.09700000,0
1505642570,21640426,0.01385000,2.81176000,0
1505642569,21640423,0.01385000,8.21549200,0
1505642569,21640422,0.01385000,12.89000000,0
1505642568,21640420,0.01385000,7.09900000,0
1505642568,21640418,0.01385000,1.10000000,0
1505642567,21640416,0.01385000,3.12000000,0
1505642567,21640415,0.01385000,21.54339600,0
1505642565,21640412,0.01385000,23.46228700,0
1505642565,21640407,0.01385000,0.72130000,0
1505642563,21640404,0.01385000,36.28639400,0
1505642562,21640401,0.01385000,9.86469300,0
1505642561,21640398,0.01385000,2.17000000,0
1505642561,21640396,0.01385000,1.00853400,0
1505642561,21640395,0.01385000,43.70092400,0
1505642560,21640393,0.01385000,35.49781462,0
1505642426,21640178,0.01385029,2.31153572,1
1505642370,21640109,0.01389051,4.99976454,0
1505642305,21640084,0.01397025,2.77080944,0
1505642261,21640031,0.01393920,3.04531680,1
1505642231,21639980,0.01394830,2.77255207,1
1505642227,21639968,0.01394830,2.94606310,1
1505642213,21639924,0.01398720,7.19042611,0
1505642212,21639920,0.01394830,17.83183385,0
1505642209,21639883,0.01394830,5.06476834,0
1505642154,21639744,0.01393919,37.51123362,1
1505642115,21639595,0.01393896,7.70489176,0
1505641984,21639203,0.01386019,78.50633746,0
1505641983,21639198,0.01386019,31.49366254,1
1505641911,21638999,0.01390965,3.59449941,0
1505641900,21638961,0.01390969,6.00000000,0
1505641878,21638848,0.01390990,5.62040903,0
1505641833,21638647,0.01379011,6.00000000,1
1505641773,21638502,0.01389980,15.36474121,0
1505641773,21638500,0.01389977,5.81829179,0
1505640805,21637737,0.01390999,3.64590790,0
1505640793,21637700,0.01391818,2.38177926,0
1505640791,21637687,0.01391822,11.18965583,0
1505640791,21637685,0.01391820,6.84201904,0
1505640789,21637673,0.01391823,1.47065500,0
1505640771,21637631,0.01390142,6.34362500,1
1505640599,21637475,0.01393891,2.95365970,0
1505640580,21637443,0.01393909,3.60394393,0
1505639860,21636835,0.01395698,1.17502067,0
1505639379,21636377,0.01395988,1.54297854,1
1505639378,21636375,0.01395267,0.98000000,0
1505639378,21636373,0.01390840,0.00705753,0
1505639233,21636258,0.01389270,1.44660600,1
1505639219,21636250,0.01389270,0.01658677,1
1505639219,21636249,0.01390000,23.67281323,1
1505639190,21636210,0.01389270,1.44661123,0
1505639186,21636202,0.01393282,10.04464247,1
1505639182,21636199,0.01393282,0.67344396,1
1505639182,21636198,0.01393283,10.04464204,1
1505639093,21636094,0.01390003,1.20918506,1
1505639069,21636027,0.01389898,4.00000000,0
1505639069,21636025,0.01389792,10.49387664,0
1505638585,21635379,0.01380073,10.99590022,1
1505638406,21635171,0.01381335,3.67840881,1
1505638201,21634896,0.01381075,0.46804718,1
1505638199,21634891,0.01389880,2.53520016,0
1505637998,21634464,0.01382130,1.80000000,1
1505637921,21634345,0.01387106,4.80465100,0
1505637836,21634198,0.01379007,0.21259318,1
1505637790,21634055,0.01377024,1.00000000,1
1505637567,21632968,0.01377401,2.27835200,0
1505637565,21632953,0.01373404,3.17576952,1
1505637549,21632804,0.01372000,3.66474000,0
1505637546,21632768,0.01372000,15.79830000,0
1505637538,21632708,0.01377000,1.24920810,1
1505637538,21632705,0.01377400,12.43273609,1
1505637538,21632703,0.01377401,2.27835202,1
1505637537,21632701,0.01377500,2.89660219,1
1505637530,21632630,0.01379000,1.09988903,1
1505637530,21632622,0.01377500,0.00840000,0
1505637527,21632588,0.01377413,3.39956135,0
1505637509,21632365,0.01377400,19.10953100,0
1505636910,21631774,0.01362937,10.00542279,1
1505636475,21631046,0.01371891,0.24901676,0
1505636285,21630821,0.01362005,29.65407390,0
1505636285,21630820,0.01362005,19.14582900,0
1505636285,21630819,0.01362005,103.43911100,0
1505636282,21630816,0.01362005,0.20223261,0
1505636278,21630812,0.01362005,158.68600000,1
1505636194,21630693,0.01362935,6.23646000,0
1505636190,21630690,0.01362936,0.52065048,1
1505636189,21630687,0.01362001,4.53571400,1
1505636189,21630686,0.01362934,3.07630000,1
1505636188,21630679,0.01362935,32.40346700,1
1505636186,21630674,0.01362935,5.89444400,1
1505636186,21630673,0.01364000,0.50000000,1
1505635992,21630353,0.01364050,19.43983000,0
1505635991,21630347,0.01364090,19.61500000,1
1505635991,21630345,0.01368000,0.50000000,1
1505635875,21630150,0.01368000,0.50000000,1
1505635781,21630009,0.01364054,14.44564100,1
1505635781,21630006,0.01364057,24.79633468,1
1505635776,21629989,0.01364050,24.79633000,1
1505635611,21629880,0.01367887,1.00000000,1
1505635402,21629570,0.01370023,1.26932395,1
1505635339,21629500,0.01370020,10.00000000,1
1505635259,21629388,0.01374000,0.00000028,1
1505635259,21629380,0.01374000,94.03802100,1
1505635168,21629174,0.01374000,5.96197872,1
1505635167,21629172,0.01374001,14.37101790,1
1505635167,21629171,0.01375035,0.00040732,1
1505635167,21629167,0.01375035,5.03638090,1
1505635164,21629150,0.01375035,4.96321178,1
1505634859,21628804,0.01375254,0.24377000,1
1505634853,21628794,0.01375253,2.38399075,1
1505634770,21628683,0.01375422,4.26263298,1
1505634769,21628678,0.01375425,3.04401344,1
1505634296,21628274,0.01379000,12.00000000,1
1505633869,21628061,0.01381992,2.32548379,1
1505633639,21627908,0.01377131,2.51180000,1
1505633624,21627906,0.01378000,4.00000000,1
1505633566,21627898,0.01379998,0.00068913,1
1505633565,21627896,0.01379998,3.99931087,1
1505633399,21627782,0.01379999,0.25270960,1
1505633397,21627781,0.01377220,0.03330281,0
1505633396,21627780,0.01379001,47.55959719,1
1505633339,21627760,0.01379001,8.88340281,1
1505633338,21627756,0.01379001,141.55700000,1
1505633053,21627677,0.01379002,38.34650000,1
1505633049,21627673,0.01379007,8.88340281,1
1505633041,21627626,0.01379010,4.95166737,1
1505631362,21626317,0.01379019,0.91081000,1
1505631360,21626314,0.01385000,0.85000000,1
1505631093,21625951,0.01388000,11.85418900,1
1505631066,21625919,0.01388002,12.23137300,1
1505630803,21625811,0.01388000,25.32688500,1
1505630781,21625805,0.01388000,269.00000000,1
1505630767,21625798,0.01388000,1.81892600,1
1505630767,21625797,0.01389289,10.00000000,1
1505630515,21625423,0.01397991,1.00000000,0
1505630338,21625294,0.01399999,1.83764416,0
1505630222,21625219,0.01390500,0.00000233,0
1505630145,21625168,0.01390500,0.84495000,0
1505629522,21624909,0.01390499,4.03429400,0
1505629332,21624744,0.01388034,3.11106100,0
1505628741,21624436,0.01389981,10.00000000,0
1505628107,21624198,0.01390500,5.15253100,0
1505628020,21624185,0.01390500,14.25000000,0
1505627995,21624178,0.01390500,18.43085221,0
1505627764,21624083,0.01392981,7.18099959,0
1505627528,21623919,0.01387396,0.58448500,1
1505627528,21623918,0.01387396,11.13613200,1
1505627216,21623496,0.01395000,96.58522700,0
1505627214,21623489,0.01394999,26.48916881,0
1505627214,21623488,0.01394999,23.82980609,0
1505627214,21623487,0.01394989,11.13613791,0
1505626710,21623283,0.01390872,5.92146509,0
1505625777,21622807,0.01382071,7.62432454,0
1505625771,21622805,0.01382071,1.05946000,0
1505625481,21622768,0.01382997,14.43569740,0
1505625462,21622751,0.01379218,9.14358717,1
1505625439,21622740,0.01383000,118.99976360,0
1505624898,21622503,0.01387970,2.32041613,0
1505624898,21622502,0.01387963,2.05660523,0
1505624897,21622501,0.01387962,14.13900000,0
1505624153,21622136,0.01385730,5.01237023,0
1505624153,21622135,0.01385729,17.62550653,0
1505624153,21622134,0.01384959,0.00000024,0
1505624152,21622133,0.01384959,3.91139155,0
1505624152,21622132,0.01384959,5.93118445,0
1505623873,21622058,0.01379037,14.81893883,1
1505623873,21622057,0.01381449,0.00038635,1
1505623655,21621920,0.01381452,3.91139179,1
1505623649,21621916,0.01381449,9.75895600,1
1505623589,21621868,0.01381449,0.24065765,1
1505623589,21621867,0.01381461,5.93159710,1
1505623588,21621866,0.01381465,0.00042336,1
1505623588,21621865,0.01381465,6.09852585,1
1505623464,21621839,0.01382471,3.91089579,0
1505622524,21621334,0.01388043,6.95658995,1
1505622407,21621301,0.01391329,1.77610000,1
1505621446,21620961,0.01393021,7.99139050,0
1505621446,21620960,0.01393021,1.01000000,0
1505621445,21620959,0.01393021,22.46100000,0
1505621439,21620958,0.01393021,1.00000000,0
1505621438,21620957,0.01393021,6.80759600,0
1505621429,21620956,0.01393021,3.64322400,0
1505621424,21620955,0.01393021,3.50859600,0
1505621423,21620952,0.01393021,3.63767100,0
1505621421,21620950,0.01393021,2.26212400,0
1505621416,21620948,0.01393021,2.00000000,0
1505621413,21620947,0.01393021,2.00000000,0
1505621410,21620946,0.01393021,1.01000000,0
1505621408,21620945,0.01393021,2.00000000,0
1505621402,21620942,0.01393021,2.00000000,0
1505621396,21620941,0.01393021,2.00000000,0
1505621392,21620940,0.01393021,0.34032695,0
1505621388,21620938,0.01393021,2.00000000,0
1505621383,21620935,0.01393021,2.00000000,0
1505621378,21620932,0.01393021,2.00000000,0
1505621377,21620931,0.01393021,3.62307800,0
1505621375,21620930,0.01393021,0.77918800,0
1505621372,21620928,0.01393021,2.00000000,0
1505621367,21620926,0.01393021,2.00000000,0
1505621362,21620924,0.01393021,2.00000000,0
1505621358,21620923,0.01393021,2.00000000,0
1505621354,21620922,0.01393021,2.00000000,0
1505621350,21620921,0.01393021,2.00000000,0
1505621345,21620919,0.01393021,2.00000000,0
1505621340,21620917,0.01393021,2.00000000,0
1505621335,21620916,0.01393021,2.00000000,0
1505621330,21620914,0.01393021,2.00000000,0
1505621329,21620913,0.01393021,0.65958000,0
1505621326,21620911,0.01393021,2.00000000,0
1505621321,21620907,0.01393021,2.00000000,0
1505621316,21620906,0.01393021,0.26622555,0
1505621303,21620889,0.01394006,1.00000000,1
1505621176,21620826,0.01395000,7.96000000,1
1505621175,21620823,0.01395000,2.04000000,1
1505621158,21620812,0.01395001,4.72001526,1
1505621142,21620802,0.01395004,10.00000000,1
1505620873,21620680,0.01397937,0.78431000,0
1505620629,21620601,0.01396000,1.00000000,0
1505619981,21620186,0.01397996,0.00000044,0
1505619978,21620183,0.01397996,1.08115100,0
1505619820,21620048,0.01397996,0.20000000,0
1505619718,21620010,0.01397993,1.00000000,0
1505619664,21619994,0.01397996,0.20000000,0
1505619661,21619989,0.01397999,1.00000000,0
1505619656,21619986,0.01396055,1.88961037,1
1505619637,21619981,0.01396999,0.80000000,0
1505619632,21619979,0.01397000,2.00000000,0
1505619628,21619977,0.01397996,0.71175393,0
1505619626,21619975,0.01396055,2.59094377,1
1505619624,21619972,0.01397999,1.31901634,0
1505619619,21619971,0.01397999,2.00000000,0
1505619614,21619970,0.01399988,2.00000000,0
1505619608,21619966,0.01399994,2.00000000,0
1505619595,21619957,0.01398999,0.40000000,0
1505619571,21619949,0.01399999,1.00000000,0
1505619503,21619899,0.01401999,1.00000000,0
1505617835,21618806,0.01408000,100.00000000,1
1505616960,21618316,0.01402075,42.01118428,0
1505616960,21618315,0.01402075,51.34515318,0
1505616960,21618314,0.01405045,31.49366254,1
1505616958,21618313,0.01412094,0.15000000,1
1505616933,21618310,0.01412094,0.15000000,0
1505616890,21618304,0.01412094,0.15000000,0
1505616846,21618295,0.01412094,0.15000000,0
1505616681,21618255,0.01411998,0.70644575,0
1505616537,21618064,0.01412093,0.20639773,0
1505615024,21616628,0.01410008,6.00334447,1
1505615005,21616603,0.01411888,0.91666795,1
1505615004,21616602,0.01417997,0.08333205,1
1505614803,21616392,0.01417998,5.15749500,0
1505614773,21616376,0.01417998,2.11038238,0
1505614724,21616364,0.01417997,0.20000000,1
1505614633,21616294,0.01414171,0.21195254,1
1505613708,21615849,0.01416577,0.00036002,1
1505613707,21615848,0.01416577,29.99963998,1
1505613007,21615513,0.01419997,3.37817615,0
1505612823,21615300,0.01419723,2.73292747,1
1505612635,21615122,0.01416877,0.00001000,0
1505611214,21614305,0.01414047,1.00000000,0
1505611202,21614294,0.01414047,1.00000000,0
1505610712,21613814,0.01408831,0.02950679,1
1505610712,21613813,0.01416000,0.24213321,1
1505610559,21613560,0.01416866,15.52687410,0
1505610549,21613514,0.01416877,1.67549000,0
1505610549,21613511,0.01415000,0.00000500,0
1505610538,21613476,0.01414997,3.90802165,0
1505609380,21612868,0.01411991,1.41195254,0
1505608883,21612712,0.01405034,16.47326684,1
1505608844,21612661,0.01405062,15.01999500,1
1505608812,21612621,0.01409999,0.20705000,0
1505607077,21611983,0.01406373,31.49330334,1
1505607077,21611982,0.01406373,56.49626805,1
1505606834,21611895,0.01408376,6.02722440,1
1505606603,21611753,0.01415000,10.58483900,0
1505606597,21611741,0.01415000,2.90225600,0
