date,tid,price,amount,type
1505692809,21687742,42.99,1.93473193,1
1505692470,21687514,43.13,1.37059782,0
1505692469,21687513,43.13,1.52188510,0
1505692284,21687345,43.13,0.40789867,0
1505692196,21687276,43.14,5.48999962,0
1505692196,21687274,43.14,12.52621738,0
1505692138,21687224,43.14,5.49378262,0
1505692138,21687223,43.14,1.39018338,0
1505692064,21687125,43.14,0.54364700,0
1505691845,21686945,42.88,1.93789399,1
1505691780,21686929,43.06,13.57581476,0
1505691773,21686920,43.06,3.00000000,0
1505691768,21686916,43.06,3.00000000,0
1505691762,21686915,43.06,3.00000000,0
1505691756,21686910,43.06,2.99999975,0
1505691756,21686909,43.06,0.00000025,0
1505691693,21686890,43.05,1.93068155,0
1505691674,21686883,43.06,1.92933494,0
1505691673,21686882,43.05,0.00063106,0
1505691648,21686872,42.90,1.93473193,1
1505691623,21686826,43.05,1.92870413,0
1505691621,21686818,43.02,1.93789399,1
1505691612,21686802,43.10,7.14118658,0
1505691612,21686801,43.07,0.02709542,0
1505691610,21686792,43.01,1.92978377,1
1505691609,21686786,42.76,0.84701742,1
1505691609,21686784,42.76,3.62500000,1
1505691608,21686783,42.77,0.01069375,1
1505691608,21686782,42.77,0.01057580,1
1505691608,21686780,42.77,0.01045926,1
1505691608,21686779,42.77,0.00000053,1
1505691608,21686778,42.77,0.29807119,1
1505691608,21686777,42.77,1.59806163,1
1505691607,21686775,42.77,0.00057650,1
1505691607,21686774,42.77,19.71000000,0
1505691607,21686773,42.80,1.92843866,1
1505691607,21686772,42.83,1.90000000,1
1505691606,21686771,42.85,25.57581451,1
1505691606,21686769,42.89,0.01108532,1
1505691606,21686768,42.89,0.01139404,1
1505691606,21686767,42.89,1.90148911,1
1505691605,21686766,42.90,0.02217064,1
1505691605,21686765,42.90,1.90179783,1
1505691605,21686763,42.91,4.01000000,1
1505691605,21686761,42.99,1.91996298,1
1505691604,21686759,43.00,1.00000000,1
1505691604,21686758,43.00,0.70739083,1
1505691600,21686750,43.00,0.29260917,1
1505691600,21686749,43.00,1.00000000,1
1505691479,21686599,43.05,7.95447155,1
1505691470,21686595,43.05,3.81626017,1
1505691083,21686482,43.04,1.92843866,1
1505691078,21686481,43.04,0.01069375,1
1505691033,21686435,43.07,1.90000000,0
1505691029,21686433,43.14,0.02217064,0
1505691021,21686432,43.15,1.91244239,1
1505691019,21686430,43.19,0.00000037,1
1505691019,21686429,43.21,18.02000000,1
1505691014,21686425,43.19,1.91112097,1
1505691014,21686424,43.21,1.91024165,1
1505691014,21686423,43.23,0.01091813,1
1505691014,21686422,43.23,0.01301233,1
1505691014,21686421,43.23,0.24259192,1
1505690972,21686412,43.23,1.64284039,1
1505690890,21686350,43.30,5.13641000,1
1505690733,21686277,43.29,18.92169094,1
1505690723,21686261,43.28,0.01057580,0
1505690693,21686255,43.24,1.91996298,1
1505690685,21686251,43.36,1.91024165,1
1505690685,21686250,43.36,1.90585533,1
1505690683,21686247,43.38,3.76548298,1
1505690683,21686246,43.38,0.00007696,1
1505690673,21686239,43.38,1.75785294,1
1505690673,21686237,43.38,0.14486698,1
1505690657,21686227,43.45,3.40975861,1
1505690657,21686226,43.45,0.00010561,1
1505690656,21686225,43.45,3.40989439,1
1505690656,21686224,43.45,14.59994981,1
1505690615,21686200,43.45,3.42002279,0
1505690615,21686199,43.44,0.00002740,0
1505690614,21686197,43.45,18.02000000,1
1505690593,21686179,43.45,1.50701230,1
1505690511,21686095,43.40,1.91288315,1
1505690503,21686092,43.39,0.01139404,1
1505690500,21686090,43.50,2.00000000,1
1505690233,21685936,43.44,1.90000000,0
1505690233,21685935,43.44,0.00418576,0
1505690223,21685911,43.41,1.91244239,1
1505690220,21685902,43.44,1.89581424,1
1505689949,21685790,43.45,1.75000000,1
1505689685,21685554,43.54,0.25934083,1
1505689561,21685437,43.70,4.01027400,0
1505689560,21685436,43.70,6.93972600,0
1505689488,21685392,43.45,1.91024165,1
1505689486,21685389,43.72,0.00000074,1
1505689485,21685384,43.72,1.61454000,1
1505689430,21685369,43.72,2.00000000,1
1505689429,21685368,43.52,0.01045926,0
1505688166,21684926,43.42,2.46000000,1
1505688166,21684924,43.46,2.52000000,1
1505688166,21684923,43.46,12.61000000,1
1505688160,21684908,43.42,4.92302778,1
1505688160,21684907,43.43,1.65517222,1
1505688159,21684905,43.52,0.00000053,0
1505688159,21684904,43.47,0.01091813,0
1505688159,21684903,43.43,1.91112134,0
1505688145,21684892,43.61,0.00086292,1
1505688145,21684891,43.61,1.89195349,1
1505688139,21684888,43.62,0.13473112,1
1505687964,21684779,43.63,1.88710393,1
1505687939,21684760,43.72,1.88799190,1
1505687934,21684757,43.72,1.87501735,1
1505687933,21684756,43.85,1.88230446,0
1505687927,21684749,43.62,0.14486698,1
1505687925,21684742,43.71,1.89195349,1
1505687919,21684721,43.75,0.00067002,1
1505687906,21684712,43.95,0.33130454,1
1505687906,21684711,43.95,1.54547270,0
1505687898,21684709,43.76,1.76703592,1
1505687888,21684695,43.76,0.11956997,0
1505687886,21684694,43.76,1.88043003,1
1505687835,21684662,43.98,1.87651652,0
1505687828,21684655,43.76,1.58844032,1
1505687828,21684654,43.77,1.88454351,1
1505687812,21684650,43.78,1.11406499,0
1505687812,21684649,43.78,1.88593501,0
1505687736,21684624,43.91,1.87957795,0
1505687734,21684618,43.76,1.59806163,0
1505687731,21684611,43.76,1.88593501,1
1505687731,21684610,43.92,1.87971420,0
1505687729,21684608,43.75,1.89085013,1
1505687729,21684607,43.75,0.00475583,1
1505687729,21684606,43.75,1.87559404,1
1505687728,21684605,43.75,0.01635945,1
1505687728,21684604,43.75,0.00172663,1
1505687727,21684603,43.76,1.88117918,1
1505687727,21684602,43.76,0.00475583,1
1505687727,21684601,43.77,1.88593501,1
1505687726,21684588,43.78,8.69155285,1
1505687725,21684587,43.78,1.88593500,1
1505687725,21684585,43.78,1.88593500,1
1505687714,21684553,43.78,0.23657715,1
1505687714,21684552,43.79,1.69086985,1
1505687704,21684544,43.79,0.19223300,1
1505687691,21684526,44.01,1.87544407,0
1505687680,21684507,43.83,1.87885862,1
1505686890,21683845,44.03,1.88593501,0
1505686844,21683640,44.01,1.88117918,0
1505686843,21683629,43.85,0.00086292,0
1505686838,21683606,43.85,1.89195349,1
1505686836,21683600,44.01,0.00475583,1
1505686828,21683555,44.01,1.89152015,0
1505686827,21683553,44.01,0.00475583,0
1505686827,21683552,43.99,1.89195349,0
1505686827,21683549,43.99,0.00172663,0
1505686826,21683548,43.98,1.89195349,0
1505686689,21683024,43.98,4.53819918,0
1505686579,21682821,43.81,0.50000000,1
1505686517,21682725,44.05,1.87362301,0
1505686507,21682692,44.04,1.87431103,0
1505686506,21682686,43.89,1.87501388,0
1505686506,21682684,43.89,0.00279426,0
1505686506,21682683,43.89,0.00319090,0
1505686461,21682561,43.68,5.32357000,1
1505686460,21682557,43.65,3.27665612,1
1505686460,21682556,43.65,1.87501388,1
1505686460,21682553,43.66,2.67000000,1
1505686456,21682543,43.82,16.23100000,0
1505686414,21682487,43.65,0.00279426,1
1505686414,21682485,43.66,3.99862574,1
1505686407,21682468,43.65,0.00319090,1
1505686407,21682467,43.67,4.55575910,1
1505686347,21682308,44.01,46.94757864,1
1505686346,21682304,43.98,5.34662857,0
1505686345,21682297,43.95,4.69307323,0
1505686341,21682264,43.89,0.98074362,0
1505686207,21681829,43.65,1.08765061,1
1505686205,21681822,44.12,1.87063164,0
1505686176,21681762,44.12,1.87121201,1
1505686174,21681757,43.62,0.00207000,0
1505686172,21681751,43.66,2.95000000,1
1505686168,21681743,43.65,1.90148911,1
1505686150,21681706,44.07,1.87121201,0
1505686102,21681652,43.57,1.90498049,1
1505685653,21680867,43.88,5.37023824,0
1505685653,21680866,43.61,1.91024165,0
1505685652,21680865,43.60,1.90585533,0
1505685470,21680470,43.97,17.51353195,0
1505685247,21680069,44.06,1.90573251,0
1505685247,21680067,43.72,8.09426749,0
1505685011,21679505,43.55,10.00000000,0
1505684767,21679276,43.35,1.91464821,1
1505684766,21679275,43.35,1.89246536,1
1505684740,21679254,43.60,0.29126871,0
1505684740,21679253,43.59,0.02218285,0
1505684740,21679252,43.58,0.00436021,0
1505684740,21679251,43.57,0.03217231,0
1505684740,21679250,43.55,0.04222462,0
1505684739,21679249,43.51,0.02222918,0
1505684739,21679248,43.50,0.03140797,0
1505684739,21679247,43.49,0.00830155,0
1505684739,21679245,43.48,0.01965362,0
1505684739,21679244,43.42,0.01050790,0
1505684739,21679241,43.41,0.01094825,0
1505684737,21679238,43.35,0.04326639,1
1505684620,21679147,43.60,7.61578106,1
1505684619,21679146,43.60,1.00000000,1
1505684619,21679145,43.61,15.59000000,1
1505684619,21679144,43.61,1.89195349,1
1505684619,21679143,43.61,1.89281641,1
1505684619,21679141,43.61,0.00944904,1
1505684614,21679135,43.63,3.12000000,1
1505684603,21679131,43.62,1.00000000,1
1505684603,21679130,43.63,3.17000000,1
1505684584,21679113,43.66,0.56210718,0
1505684578,21679105,43.66,1.33894641,1
1505684577,21679097,43.66,1.90105359,1
1505684574,21679089,43.74,1.89540991,1
1505684568,21679070,43.78,0.97834068,1
1505684553,21679057,44.02,0.97834068,0
1505684551,21679053,43.82,0.02188932,0
1505684486,21678994,43.93,2.64000000,1
1505684475,21678963,43.94,10.00000000,1
1505684448,21678952,43.95,1.87707467,1
1505684443,21678951,43.96,4.61120209,1
1505684212,21678830,43.94,2.84132000,1
1505684063,21678775,44.12,1.25367000,0
1505684042,21678738,43.79,1.89714285,1
1505684040,21678734,43.79,1.89540991,1
1505684036,21678723,44.06,1.89584285,1
1505684036,21678722,44.01,1.96902000,0
1505684034,21678720,44.06,6.32206300,1
1505684034,21678718,44.06,9.34793200,1
1505684008,21678673,43.82,1.74847065,0
1505684007,21678672,43.82,0.14564162,1
1505683978,21678661,43.87,1.61000000,1
1505683957,21678637,43.87,1.89000000,1
1505683935,21678615,43.87,1.89195349,1
1505683932,21678613,43.98,1.89540991,0
1505683866,21678565,43.69,1.89974822,1
1505683861,21678556,43.69,1.90279688,1
1505683857,21678549,43.86,3.89000000,1
1505683856,21678548,43.86,14.13000000,0
1505683854,21678545,44.19,1.75589238,0
1505683854,21678544,43.86,1.89714285,0
1505683854,21678543,43.76,11.78000000,0
1505683854,21678541,43.76,2.35000000,0
1505683853,21678540,43.76,3.89000000,0
1505683853,21678538,43.64,0.00039477,0
1505683853,21678535,43.64,1.75588844,0
1505683851,21678529,43.64,0.14564162,1
1505683849,21678528,43.76,11.78000000,1
1505683849,21678527,43.77,2.35000000,1
1505683819,21678516,43.69,0.00000493,0
1505683570,21678334,43.69,0.14595652,0
1505683570,21678333,43.64,0.00000348,0
1505683562,21678321,43.62,2.00000000,1
1505683458,21678288,43.63,0.46000000,1
1505683307,21678227,43.64,0.44587000,0
1505683287,21678221,43.64,1.45605135,1
1505683278,21678217,43.62,1.59394865,0
1505683274,21678214,43.63,1.90236076,1
1505683273,21678212,44.03,3.77019026,0
1505683272,21678211,43.83,1.74368012,0
1505683088,21678075,43.67,1.90061827,1
1505683083,21678072,43.67,1.90061827,1
1505683079,21678067,44.11,0.15000000,1
1505683025,21678021,43.66,1.90105359,1
1505683023,21678017,43.80,0.14596155,1
1505683023,21678016,43.81,0.05732373,1
1505683022,21678015,43.99,2.33098431,1
1505683022,21678013,43.86,0.30884823,0
1505683022,21678012,43.85,1.89281641,1
1505683021,21678011,43.85,0.00944904,0
1505682973,21677980,43.81,0.91000000,1
1505682941,21677956,43.81,0.70321000,1
1505682921,21677948,43.81,0.61000000,1
1505682900,21677926,43.81,0.00946627,0
1505682900,21677925,43.79,0.51000000,0
1505682872,21677904,43.79,0.00775924,0
1505682869,21677896,43.73,10.17000000,1
1505682856,21677885,43.74,1.00000000,1
1505682847,21677868,43.75,2.49112000,1
1505682843,21677854,43.75,1.62000000,1
1505682839,21677845,43.75,0.00820339,0
1505682837,21677834,43.74,0.89801051,0
1505682835,21677824,43.74,1.00000000,0
1505682624,21677653,43.69,0.75000000,0
1505682612,21677643,43.69,11.75000000,0
1505682576,21677601,43.67,32.28302300,1
1505682554,21677562,43.60,6.54808000,1
1505682537,21677544,43.60,14.62607600,1
1505682527,21677528,43.61,1.90366972,1
1505682525,21677513,43.61,2.82000000,1
1505682524,21677512,43.61,0.00905923,1
1505682524,21677510,43.61,1.87430814,1
1505682524,21677509,43.62,1.58353663,1
1505682524,21677508,43.64,1.00000000,1
1505682523,21677502,43.64,13.06000000,1
1505682523,21677501,43.65,1.00000000,1
1505682522,21677497,43.67,14.06000000,1
1505682481,21677443,43.66,1.50455000,0
1505682391,21677363,43.71,0.14493665,0
1505682386,21677358,43.66,0.29963122,0
1505682350,21677296,43.66,9.45979000,0
1505682329,21677281,43.63,1.90236076,1
1505682325,21677280,43.63,0.00478418,0
1505682321,21677279,43.64,16.88570855,0
1505682321,21677278,43.66,1.89411227,1
1505682321,21677277,43.66,0.00866706,1
1505682320,21677276,43.67,1.89238486,1
1505682320,21677275,43.71,0.00599663,1
1505682320,21677274,43.71,1.88251304,1
1505682319,21677273,43.73,0.02289067,1
1505682319,21677272,43.73,0.00928586,1
1505682319,21677271,43.73,1.84941222,1
1505682292,21677250,43.74,1.89757658,1
1505682267,21677230,43.82,0.01031745,1
1505682256,21677202,43.86,0.29854953,1
1505682256,21677200,43.86,0.00766810,1
1505682256,21677199,43.86,1.87655437,1
1505682256,21677198,43.87,0.00510511,1
1505682256,21677197,43.87,1.87655437,1
1505682256,21677196,43.88,0.00000352,1
1505682254,21677193,43.88,0.00777965,1
1505682254,21677191,43.88,1.87558420,1
1505682254,21677190,43.90,0.00000315,1
1505682241,21677138,44.09,2.19375506,0
1505682240,21677134,43.95,0.00599663,0
1505682237,21677124,43.90,1.82358101,1
1505682237,21677120,43.90,0.05850200,1
1505682237,21677119,43.94,0.00042999,1
1505682118,21676757,44.10,0.03874380,1
1505681825,21676591,44.10,5.33328000,1
1505681679,21676327,44.46,1.13566126,0
1505681640,21676264,44.43,1.00562683,0
1505681466,21676188,44.08,7.00000000,1
1505681116,21676064,43.98,1.60328009,0
1505681114,21676063,44.06,6.22722115,1
1505681101,21676055,44.06,1.88379482,1
1505680892,21675947,44.37,0.80073021,0
1505680758,21675878,44.11,0.00510511,0
1505680651,21675784,44.44,1.85726425,0
1505680324,21675605,44.44,1.85732000,0
1505680297,21675579,44.32,0.14474730,1
1505680297,21675578,44.36,0.00092064,1
1505680296,21675577,44.37,0.00000006,1
1505680269,21675568,44.37,1.86037900,1
1505680269,21675567,44.57,1.85190385,0
1505680268,21675566,44.37,0.00006633,0
1505680267,21675563,44.37,1.86065016,1
1505680252,21675547,44.58,1.85061789,0
1505680249,21675543,44.37,1.85105488,1
1505680234,21675517,44.60,1.85058439,0
1505680232,21675516,44.15,1.23007739,0
1505680230,21675513,44.15,1.09992261,0
1505679873,21675414,44.12,1.86000000,1
1505679785,21675376,44.38,13.00000000,0
1505679685,21675332,44.50,0.75455896,1
1505679661,21675312,44.50,1.10067416,0
1505679658,21675311,44.50,0.00000146,1
1505679657,21675310,44.50,1.10128000,1
1505679648,21675306,44.49,1.85515887,0
1505679645,21675303,44.25,1.85211550,1
1505679645,21675302,44.26,0.07686509,1
1505679503,21675172,44.26,0.34000000,1
1505679490,21675154,44.26,0.34000000,1
1505679479,21675146,44.58,2.07023000,0
1505679478,21675145,44.55,0.84000000,1
1505679478,21675143,44.55,4.20000000,0
1505679478,21675142,44.50,1.10000000,0
1505679477,21675140,44.44,0.76000000,1
1505679476,21675138,44.44,1.03000000,0
1505679470,21675129,44.26,1.10000000,1
1505679294,21675026,44.61,1.85036220,1
1505679235,21674978,44.23,1.02791997,1
1505679226,21674976,44.54,1.85332590,0
1505679212,21674965,44.42,1.85305822,0
1505679205,21674957,44.62,1.71992867,1
1505679203,21674956,44.62,0.50027563,0
1505679203,21674955,44.62,1.23000000,0
1505679202,21674953,44.61,1.86097651,0
1505679202,21674952,44.61,1.86096886,0
1505679202,21674951,44.61,1.86082447,0
1505679202,21674950,44.59,1.66598956,0
1505679202,21674949,44.59,0.55443482,0
1505679202,21674947,44.59,1.09880158,1
1505679202,21674946,44.59,5.85000000,1
1505679201,21674945,44.57,1.86234771,0
1505679201,21674944,44.48,0.01278879,0
1505679201,21674943,44.48,1.85329158,0
1505679201,21674942,44.48,0.00972832,0
1505679201,21674941,44.48,1.85345998,0
1505679201,21674940,44.48,1.55000000,1
1505679200,21674939,44.47,1.86680484,0
1505679200,21674938,44.47,1.85366790,0
1505679200,21674937,44.47,0.00078158,0
1505679200,21674936,44.47,1.86570202,0
1505679200,21674935,44.47,0.00000038,0
1505679200,21674934,44.47,1.85857400,0
1505679199,21674933,44.46,0.00079070,0
1505679199,21674932,44.46,1.85953405,0
1505679199,21674931,44.46,0.00677902,0
1505679199,21674930,44.46,7.73000000,1
1505679199,21674929,44.45,1.55000000,0
1505679199,21674928,44.45,1.86122850,0
1505679199,21674927,44.45,1.85421611,0
1505679198,21674926,44.45,0.00677902,0
1505679198,21674925,44.43,7.73000000,0
1505679198,21674924,44.35,1.87655437,0
1505679198,21674923,44.35,8.63064370,1
1505679196,21674921,44.33,45.23000000,0
1505679160,21674902,44.33,1.86234771,0
1505679159,21674899,44.20,8.26587401,1
1505679157,21674898,44.21,1.58012599,1
1505678936,21674679,44.35,0.00037356,1
1505678936,21674678,44.35,1.86097651,0
1505678936,21674677,44.23,1.17318563,1
1505678934,21674675,44.23,0.17936767,0
1505678819,21674558,44.23,1.85893708,0
1505678816,21674557,44.20,12.08559827,0
1505678815,21674556,44.19,1.61567273,0
1505678667,21674508,44.19,5.00023000,0
1505678660,21674504,44.10,1.88208616,1
1505678648,21674495,43.96,15.43593955,0
1505678647,21674494,44.00,3.81000000,0
1505678647,21674493,44.00,0.54034103,1
1505678647,21674492,44.00,1.33791196,1
1505678647,21674491,44.02,0.01031697,1
1505678647,21674490,44.02,1.86793602,1
1505678646,21674489,44.06,0.01576392,1
1505678646,21674488,44.06,1.85951850,1
1505678646,21674487,44.08,2.76000000,1
1505678646,21674486,44.09,1.09998055,1
1505678645,21674485,44.18,0.00038002,1
1505678645,21674484,44.20,1.86122850,1
1505678645,21674483,44.21,1.86680484,0
1505678643,21674480,44.21,0.00079070,1
1505678621,21674472,44.21,1.85953405,1
1505678621,21674471,44.33,1.86096886,0
1505678620,21674470,44.21,0.00677902,0
1505678618,21674468,44.21,1.85421611,1
1505678618,21674467,44.21,0.00677902,1
1505678618,21674466,44.22,1.85366790,1
1505678618,21674464,44.23,0.00078158,1
1505678590,21674445,44.39,0.07035860,1
1505678590,21674443,44.39,1.78900666,0
1505678590,21674442,44.23,1.86570202,1
1505678588,21674441,44.23,0.00000038,1
1505678587,21674440,44.24,0.01278879,1
1505678587,21674437,44.44,1.85773793,1
1505678585,21674436,44.24,1.85329158,0
1505678584,21674435,44.24,0.00972832,1
1505678584,21674434,44.24,1.85345998,1
1505678580,21674431,44.45,1.85694834,0
1505678543,21674402,44.23,1.85857400,1
1505678506,21674393,44.53,1.85297355,0
1505678466,21674373,44.47,1.85648468,0
1505678417,21674319,44.46,1.85658641,0
1505678414,21674307,44.18,13.02127400,1
1505678414,21674306,44.18,22.59000000,1
1505678413,21674302,44.18,7.56834598,1
1505678413,21674299,44.19,0.00038002,1
1505678412,21674296,44.19,22.58961998,1
1505678412,21674295,44.28,0.00038002,1
1505678309,21674204,44.50,1.09085434,0
1505678268,21674185,44.28,1.80178800,1
1505678156,21674041,44.28,1.77000400,0
1505678155,21674040,44.28,12.39999600,0
1505678155,21674036,44.28,4.25000000,1
1505678155,21674034,44.28,1.75713400,1
1505678154,21674031,44.28,12.40000000,1
1505678041,21673882,44.28,4.26286600,1
1505677857,21673759,44.42,9.52395800,1
1505677856,21673758,44.42,0.23546322,1
1505677856,21673757,44.43,0.00000033,1
1505677856,21673756,44.44,1.85334445,1
1505677834,21673736,44.43,1.85567700,1
1505677829,21673730,44.59,0.12000000,0
1505677718,21673681,44.59,0.22359273,0
1505677479,21673475,44.59,0.44740973,0
1505676810,21672993,44.58,0.25286578,1
1505676797,21672979,44.58,0.25000000,1
1505676792,21672969,44.58,1.35037109,0
1505676790,21672965,44.59,0.75555057,0
1505676789,21672963,44.58,0.74465406,0
1505676789,21672962,44.58,0.44620050,0
1505676769,21672941,44.51,0.08467618,1
1505676764,21672934,44.58,0.67115298,0
1505676697,21672880,44.51,0.76208561,1
1505676686,21672863,44.51,1.01017000,0
1505676685,21672860,44.58,21.56871617,1
1505676684,21672858,44.58,27.83152800,1
1505676684,21672856,44.58,12.55456400,1
1505676684,21672854,44.58,6.11988900,1
1505676684,21672847,44.51,1.72251200,1
1505676684,21672846,44.51,1.01017000,1
1505676684,21672845,44.51,57.25230286,1
1505676682,21672839,44.51,0.93000000,0
1505676682,21672838,44.51,4.66000000,0
1505676682,21672837,44.51,0.85587211,0
1505676621,21672810,44.51,1.00831274,0
1505676517,21672765,44.51,0.00067400,0
1505676517,21672764,44.49,5.48437852,1
1505676515,21672761,44.49,0.12000000,0
1505676415,21672712,44.30,1.00000000,1
1505676360,21672694,44.48,0.87236398,1
1505675965,21672357,44.47,1.85869505,0
1505675954,21672347,44.50,2.20179775,1
1505675954,21672346,44.49,1.37911090,0
1505675954,21672345,44.49,0.48662350,0
1505675954,21672344,44.49,0.51337650,0
1505675953,21672343,44.49,1.22400000,0
1505675953,21672342,44.49,0.12839523,0
1505675953,21672341,44.49,1.74591291,0
1505675953,21672340,44.49,0.12000000,0
1505675953,21672339,44.49,0.12000000,0
1505675953,21672338,44.48,1.86620603,0
1505675953,21672337,44.48,0.76248301,0
1505675952,21672336,44.48,1.10000000,0
1505675952,21672334,44.48,0.00740129,0
1505675952,21672329,44.39,0.12000000,0
1505675952,21672328,44.39,9.00000000,1
1505675951,21672327,44.35,3.19979031,1
1505675950,21672326,44.35,0.47587373,0
1505675847,21672233,44.35,2.02412627,0
1505675614,21672112,44.46,5.43288168,0
1505675614,21672111,44.45,1.00000000,0
1505675613,21672110,44.43,0.56734832,0
1505675590,21672099,44.42,1.86082447,0
1505675575,21672085,44.40,1.85993045,0
1505675573,21672083,44.09,2.39612572,0
1505675435,21672025,44.43,0.63038703,1
1505675434,21672024,44.43,1.23000000,0
1505675423,21672020,44.45,0.36405406,0
1505675423,21672019,44.45,1.49400000,0
1505675422,21672018,44.45,37.34964226,1
1505675422,21672017,44.45,0.75317091,0
1505675422,21672016,44.45,1.09859784,0
1505675422,21672015,44.45,0.01576392,0
1505675421,21672014,44.45,1.85951850,0
1505675421,21672013,44.45,0.00803285,0
1505675421,21672012,44.45,1.86755135,0
1505675421,21672011,44.45,1.86732713,0
1505675421,21672010,44.45,1.85847496,0
1505675421,21672009,44.45,0.00907639,0
1505675421,21672008,44.45,1.86755135,0
1505675421,21672007,44.45,1.86753267,0
1505675421,21672006,44.44,1.86793602,0
1505675420,21672005,44.44,1.26389627,0
1505675420,21672004,44.44,0.60379679,0
1505675420,21672002,44.44,1.86786126,0
1505675420,21672001,44.42,1.86878066,0
1505675420,21672000,44.41,1.86903496,0
1505675420,21671999,44.39,7.59000000,0
1505675420,21671998,44.39,0.12000000,0
1505675420,21671997,44.37,1.52000000,0
1505675419,21671996,44.36,1.74368306,0
1505675419,21671995,44.36,0.12763395,0
1505675419,21671994,44.33,1.87236605,0
1505675419,21671993,44.33,0.00000017,0
1505675419,21671992,44.31,1.87322718,0
1505675419,21671991,44.31,1.87332662,0
1505675372,21671971,44.30,1.37911090,1
1505675369,21671969,44.30,0.48662350,0
1505675366,21671964,44.30,0.51337650,1
1505675365,21671963,44.30,1.22400000,0
1505675358,21671961,44.30,0.26780798,0
1505675358,21671960,44.30,0.90000000,0
1505675358,21671958,44.30,0.12000000,0
1505675358,21671956,44.30,0.12000000,0
1505675358,21671955,44.30,0.33747980,0
1505675358,21671954,44.30,1.85373316,0
1505675357,21671949,44.30,0.02005597,0
1505675357,21671947,44.29,0.12839523,0
1505675245,21671865,44.29,0.12000000,0
1505675234,21671857,44.28,1.86100091,0
1505675234,21671856,44.28,0.01369498,0
1505675234,21671855,44.28,0.00395921,0
1505675203,21671844,44.13,27.31000000,1
1505675190,21671840,44.27,1.87457086,0
1505675190,21671839,44.27,1.86288413,0
1505675167,21671821,44.20,3.80122977,0
1505675111,21671776,44.20,3.73745499,0
1505675015,21671722,44.26,0.75317091,1
1505675014,21671717,44.26,1.09859784,1
1505675012,21671709,44.07,0.00905923,0
1505675004,21671701,44.25,5.02102237,0
1505675004,21671700,44.23,0.00552763,0
1505675004,21671699,44.19,0.12000000,0
1505674870,21671574,44.16,10.23036000,0
1505674869,21671562,44.16,8.18964000,0
1505674868,21671560,44.15,5.23000000,0
1505674856,21671544,44.10,2.03775000,0
1505674845,21671540,44.04,1.87430829,1
1505674844,21671538,44.10,3.96225000,0
1505674844,21671537,44.05,0.82000000,0
1505674844,21671536,44.05,19.18000000,0
1505674733,21671466,44.21,12.89629500,0
1505674716,21671456,44.21,12.22444900,0
1505674716,21671454,44.21,6.19555100,0
1505674673,21671361,44.26,12.89629462,1
1505674673,21671360,44.25,1.29000000,1
1505674673,21671358,44.25,6.45000000,1
1505674672,21671356,44.25,1.87515913,1
1505674672,21671353,44.21,0.01031697,0
1505674672,21671351,44.05,0.00766810,0
1505674670,21671345,44.03,0.00991922,0
1505674664,21671325,44.19,4.79164000,1
1505674663,21671323,44.19,5.42224800,1
1505674663,21671320,44.19,3.09603600,1
1505674663,21671319,44.19,1.95220197,1
1505674661,21671314,44.19,0.54034103,1
1505674661,21671312,44.19,1.33791196,1
1505674660,21671308,44.19,0.13096504,1
1505674660,21671306,44.22,1.86903496,1
1505674657,21671299,44.25,0.86083011,0
1505674657,21671298,44.25,0.61210177,0
1505674657,21671296,44.24,1.87655437,0
1505674657,21671295,44.15,1.87419555,0
1505674657,21671294,44.14,1.88251304,0
1505674657,21671293,44.12,1.82358416,0
1505674656,21671280,44.12,0.05850200,0
1505674655,21671279,44.10,1.53112300,0
1505674655,21671277,44.10,1.46887700,0
1505674653,21671262,44.13,0.29246143,0
1505674652,21671260,44.10,1.12580400,0
1505674652,21671258,44.10,1.87419600,0
1505674606,21671197,44.13,1.59690802,0
1505674600,21671176,43.92,0.02289067,0
1505674597,21671171,44.09,1.39221683,1
1505674595,21671167,44.07,0.00778317,0
1505674589,21671158,44.09,0.60379679,0
1505674589,21671156,44.09,0.39620321,1
1505674588,21671155,44.23,7.77765173,0
1505674588,21671154,44.23,0.35234827,0
1505674588,21671153,44.21,2.42796973,0
1505674588,21671152,44.21,8.53995800,0
1505674588,21671150,44.21,3.00958500,0
1505674587,21671149,44.21,2.02248727,0
1505674587,21671147,44.20,1.63000000,0
1505674587,21671144,44.19,0.12000000,0
1505674587,21671143,44.18,1.22751273,0
1505674586,21671138,44.18,0.65147189,0
1505674586,21671136,44.17,1.87927194,0
1505674586,21671132,44.16,1.21935432,0
1505674586,21671131,44.16,0.02238829,0
1505674584,21671124,44.16,0.63812600,0
1505674584,21671123,44.15,1.24174300,0
1505674584,21671122,44.15,1.87927200,0
1505674584,21671120,44.15,1.87898500,0
1505674577,21671097,44.14,1.74368306,1
1505674574,21671082,44.14,0.12763395,0
1505674572,21671075,44.14,1.87236605,1
1505674568,21671072,44.14,1.88051691,0
1505674568,21671071,44.12,1.87350878,0
1505674568,21671070,44.12,0.00790210,0
1505674568,21671069,44.12,1.88146735,0
1505674568,21671067,44.11,0.00928586,0
1505674553,21671041,44.09,0.90000000,1
1505674544,21671035,44.09,0.12000000,0
1505674541,21671031,44.09,1.53897475,0
1505674541,21671030,44.07,1.88368662,0
1505674539,21671025,44.06,0.00004583,0
1505674539,21671024,44.06,1.08457372,0
1505674539,21671023,44.06,1.88415370,0
1505674539,21671022,44.06,0.55475472,0
1505674534,21671020,44.06,1.32377578,0
1505674534,21671019,44.05,1.87659315,0
1505674533,21671018,44.05,0.00797128,0
1505674533,21671017,44.05,1.63896379,0
1505674533,21671016,44.05,0.24544979,0
1505674533,21671015,44.05,1.87100521,0
1505674533,21671014,44.05,0.01357807,0
1505674532,21671013,44.05,0.00976046,0
1505674532,21671012,44.05,1.87467198,0
1505674532,21671009,44.04,0.00901502,0
1505674510,21670964,44.03,1.87747520,0
1505674510,21670963,44.03,0.00800177,0
1505674510,21670962,44.02,1.88575786,0
1505674510,21670961,44.02,0.00000214,0
1505674510,21670960,43.99,0.12000000,0
1505674510,21670959,43.98,0.00837873,0
1505674484,21670939,43.97,3.78064568,1
1505674484,21670938,43.97,1.21935432,1
1505674439,21670807,43.97,1.23104176,0
1505674439,21670806,43.95,0.00829724,0
1505674409,21670769,43.90,3.00000000,1
1505674390,21670734,43.89,0.12000000,0
1505674387,21670724,43.88,1.88924605,0
1505674386,21670723,43.88,0.00089666,0
1505674375,21670678,43.87,0.80772987,0
1505674375,21670677,43.87,0.00787956,0
1505674375,21670676,43.87,0.00027830,0
1505674374,21670674,43.86,1.89411227,0
1505674370,21670656,43.80,0.25000000,1
1505674362,21670638,43.87,1.86431949,0
1505674362,21670635,43.87,0.02667437,0
1505674361,21670634,43.78,0.25000000,1
1505674358,21670627,43.86,1.89238486,0
1505674358,21670626,43.85,0.00866706,0
1505674358,21670625,43.82,0.00000008,0
1505674352,21670615,43.76,0.25000000,1
1505674344,21670600,43.75,0.25000000,1
1505674334,21670587,43.75,0.25000000,1
1505674325,21670574,43.79,3.00000000,0
1505674325,21670573,43.76,0.25000000,1
1505674316,21670560,43.75,0.25000000,1
1505674308,21670551,43.76,0.25000000,1
1505674303,21670542,43.82,1.89757650,0
1505674303,21670541,43.81,0.46753950,0
1505674301,21670535,43.75,0.25000000,1
1505674271,21670503,43.81,1.43177400,0
1505674260,21670495,43.79,3.00000000,0
1505674200,21670451,43.63,1.90410644,1
1505674191,21670438,43.66,0.01604053,0
1505674190,21670434,43.83,1.87747520,1
1505674167,21670412,43.73,6.78361000,0
1505674167,21670411,43.79,6.20576410,1
1505674167,21670410,43.78,0.00510939,0
1505674166,21670409,43.77,1.90018315,0
1505674166,21670408,43.76,2.85760000,0
1505674166,21670407,43.74,1.90454336,0
1505674164,21670404,43.75,2.84778000,0
1505674162,21670401,43.76,12.87240000,0
1505674161,21670400,43.56,0.02055636,0
1505674154,21670396,43.65,3.00000000,1
1505674121,21670370,43.77,1.60445400,1
1505674119,21670366,43.64,1.89375963,1
1505674115,21670365,43.64,0.03486951,0
1505674115,21670364,43.63,1.90498049,0
1505674103,21670339,43.66,1.38967000,1
1505674103,21670338,43.66,1.61033000,1
1505674098,21670324,43.67,0.01357807,1
1505674098,21670323,43.67,1.88443244,1
1505674096,21670320,43.74,0.64134000,0
1505674095,21670314,43.74,1.14418083,0
1505674095,21670313,43.68,0.79995417,0
1505674094,21670312,43.68,0.20000000,1
1505674094,21670311,43.68,0.00004583,1
1505674089,21670307,43.69,1.88924605,1
1505674085,21670305,43.74,1.00000000,0
1505673966,21670242,43.86,1.87100521,1
1505673963,21670239,43.68,1.88443200,1
1505673961,21670238,43.68,1.86431949,1
1505673961,21670237,43.69,1.88458328,1
1505673886,21670119,43.73,4.10958425,1
1505673886,21670118,43.74,0.00790210,1
1505673886,21670117,43.75,1.88251365,1
1505673796,21669971,43.74,0.01610923,0
1505673791,21669960,43.58,81.24463375,1
1505673791,21669959,43.62,2.56000000,1
1505673791,21669958,43.67,0.01385436,1
1505673790,21669957,43.67,1.87853050,1
1505673790,21669956,43.71,1.89066059,1
1505673790,21669955,43.71,1.89066059,1
1505673790,21669954,43.71,0.03218563,1
1505673790,21669953,43.71,1.85847496,1
1505673790,21669952,43.71,0.20000000,0
1505673789,21669951,43.72,3.13000000,1
1505673789,21669950,43.76,15.61999962,1
1505673789,21669949,43.76,9.00000000,1
1505673788,21669948,43.77,90.05100000,0
1505673788,21669944,43.77,15.63000000,1
1505673756,21669892,43.76,34.91713147,0
1505673755,21669889,43.75,1.89714285,1
1505673755,21669888,43.76,1.88881432,0
1505673754,21669883,43.76,39.84103889,0
1505673753,21669880,43.86,0.34100000,1
1505673753,21669878,43.86,1.04261540,1
1505673684,21669726,43.86,0.81810110,1
1505673684,21669725,43.88,1.87428500,1
1505673684,21669724,43.88,0.00907639,1
1505673684,21669723,43.89,0.02005597,1
1505673684,21669722,43.89,1.86288413,1
1505673658,21669693,43.90,5.17586545,1
1505673658,21669691,43.90,1.87645455,1
1505673614,21669590,43.90,1.89066059,1
1505673612,21669589,43.90,1.89066059,1
1505673610,21669588,44.05,0.34100000,1
1505673607,21669587,43.90,9.51983631,1
1505673607,21669586,43.98,7.78136929,1
1505673605,21669585,44.05,1.86732713,1
1505673583,21669549,44.07,1.87428500,0
1505673576,21669542,43.91,0.03218563,1
1505673574,21669540,43.90,6.76345284,1
1505673574,21669539,43.90,0.01369498,1
1505673574,21669538,43.90,1.86881806,1
1505673574,21669537,43.98,7.71000000,1
1505673574,21669535,44.04,1.00000000,1
1505673573,21669533,44.07,1.86620603,1
1505673573,21669532,44.07,0.01195240,1
1505673573,21669529,44.08,1.85373316,1
1505673572,21669526,44.09,1.87332662,0
1505673571,21669524,44.09,1.86100091,1
1505673544,21669496,44.10,1.75000000,1
1505673349,21669339,44.11,10.00000000,1
1505673244,21669248,44.26,1.86755135,1
1505673219,21669224,44.25,1.86786126,0
1505673207,21669211,44.22,2.00023000,0
1505673193,21669199,44.26,1.86753267,0
1505673173,21669172,44.07,1.86248301,1
1505673173,21669171,44.17,1.86979049,1
1505673173,21669170,44.28,1.10000044,1
1505673172,21669167,44.29,0.76248301,1
1505673172,21669166,44.29,1.10000000,1
1505673157,21669120,44.28,6.72270400,1
1505673152,21669110,44.28,1.10000000,1
1505673123,21669093,44.28,0.46970500,1
1505673112,21669077,44.28,11.97000498,1
1505673072,21669063,44.28,5.18046500,1
1505673054,21669018,44.28,1.87443541,1
1505673049,21669015,44.28,11.98531794,1
1505673049,21669014,44.29,1.86569706,1
1505673049,21669012,44.29,21.44000000,1
1505673047,21669011,44.31,6.39911000,1
1505673040,21669008,44.29,23.68696441,1
1505673040,21669007,44.30,0.46303559,1
1505673040,21669005,44.30,4.36696441,1
1505673040,21669004,44.33,0.74465359,1
1505673012,21668948,44.33,1.11925837,1
1505673012,21668947,44.37,0.44310035,1
1505673012,21668946,44.38,0.48785922,1
1505673012,21668945,44.39,0.74465406,1
1505673010,21668936,44.39,1.11735348,1
1505673010,21668935,44.49,0.62824852,1
1505673009,21668933,44.49,1.10957379,1
1505673007,21668926,44.49,0.12000000,0
1505673005,21668918,44.39,1.85422788,1
1505672968,21668851,44.38,3.00000000,1
1505672961,21668844,44.38,3.00000000,1
1505672956,21668841,44.38,1.14214051,1
1505672956,21668840,44.40,1.85785949,1
1505672955,21668839,44.67,1.84996586,0
1505672950,21668833,44.67,1.85039167,0
1505672949,21668832,44.38,4.79689965,0
1505672948,21668830,44.39,3.42000000,1
1505672948,21668829,44.39,10.18000000,1
1505672948,21668828,44.39,1.87000000,1
1505672948,21668827,44.39,2.94000000,1
1505672946,21668822,44.44,0.44310035,1
1505672944,21668820,44.50,1.99007000,0
1505672934,21668810,44.50,0.00007990,1
1505672905,21668767,44.53,3.40621004,1
1505672904,21668763,44.53,10.14987800,1
1505672904,21668761,44.53,1.86391196,1
1505672900,21668754,44.53,3.00000000,0
1505672896,21668748,44.50,13.91842675,1
1505672893,21668739,44.50,4.38442800,1
1505672892,21668727,44.50,5.27012200,1
1505672885,21668692,44.50,8.42694335,1
1505672885,21668690,44.51,1.84871888,1
1505672885,21668688,44.52,1.85609777,1
1505672876,21668651,44.70,4.92730890,1
1505672875,21668643,44.70,3.07548500,1
1505672875,21668642,44.70,0.02723500,1
1505672874,21668637,44.70,4.18276500,1
1505672874,21668636,44.70,2.79819500,1
1505672872,21668632,44.70,8.73180500,1
1505672872,21668630,44.70,2.66439400,1
1505672869,21668607,44.70,4.22252000,1
1505672866,21668593,44.83,1.84216417,0
1505672865,21668590,44.70,10.03308600,1
1505672865,21668588,44.68,1.50000000,0
1505672863,21668576,44.70,18.42000000,1
1505672856,21668537,44.85,1.84285471,1
1505672854,21668523,44.57,5.28078917,1
1505672853,21668519,44.61,0.23043040,1
1505672853,21668518,44.70,1.42757375,1
1505672853,21668517,44.70,1.84832927,0
1505672851,21668511,44.71,1.84727494,1
1505672849,21668501,44.88,1.84169656,0
1505672847,21668500,44.71,1.83763886,1
1505672846,21668499,44.72,1.84169656,1
1505672821,21668462,44.71,4.72000000,1
1505672821,21668461,44.71,23.63000000,1
1505672802,21668389,45.00,20.77691342,1
1505672800,21668376,45.00,4.88178971,1
1505672799,21668371,45.00,1.68000000,1
1505672797,21668365,45.00,5.72213900,1
1505672797,21668363,45.00,5.69000000,1
1505672796,21668356,45.00,14.25910000,1
1505672795,21668353,45.00,71.63455000,1
1505672795,21668352,45.00,5.72213900,1
1505672794,21668351,45.00,1.24135900,1
1505672794,21668350,45.00,4.75043000,1
1505672793,21668344,45.00,13.18628100,1
1505672793,21668343,45.00,5.69162700,1
1505672792,21668341,45.00,5.72213900,1
1505672790,21668329,45.00,16.87845445,1
1505672786,21668325,44.70,0.25000000,1
1505672777,21668312,44.68,0.25000000,1
1505672654,21668180,45.08,1.83205816,0
1505672653,21668179,45.08,1.83211319,0
1505672652,21668178,45.08,5.00023000,1
1505672650,21668177,45.00,15.00000000,0
1505672568,21668108,45.06,1.83398764,0
1505672559,21668096,45.01,22.39517913,1
1505672558,21668095,45.02,0.00006615,1
1505672528,21668073,45.02,0.23036425,1
1505672528,21668071,45.02,44.71254979,1
1505672523,21668054,45.02,18.61994647,1
1505672521,21668052,45.02,4.86925875,1
1505672516,21668037,45.02,17.42292293,1
1505672516,21668034,45.02,4.86569967,1
1505672512,21668029,45.02,17.43293500,1
1505672491,21667998,45.03,21.00999312,1
1505672473,21667958,45.02,2.07668739,1
1505672473,21667957,45.04,0.92331261,1
1505672471,21667954,45.04,30.47668739,1
1505672467,21667950,45.03,25.82735642,1
1505672467,21667949,45.03,3.76353569,1
1505672467,21667948,45.04,0.87724189,1
1505672462,21667944,45.04,1.49701576,1
1505672461,21667943,45.05,0.33014212,1
1505672356,21667842,45.05,1.50462300,1
1505672342,21667830,45.17,1.82992745,1
1505672339,21667827,45.05,0.33014169,1
1505672339,21667826,45.05,1.49701600,1
1505672318,21667776,45.20,1.82829011,0
1505672316,21667774,45.21,6.21812383,0
1505672316,21667773,45.21,0.21076324,0
1505672316,21667772,45.21,0.25000000,0
1505672316,21667771,45.21,0.50000000,0
1505672316,21667770,45.21,0.00000032,0
1505672316,21667769,45.21,0.85981865,0
1505672316,21667768,45.21,0.01568484,0
1505672316,21667767,45.21,1.82838492,0
1505672315,21667765,45.21,0.00773514,0
1505672315,21667763,45.20,2.13000000,0
1505672315,21667762,45.20,1.82850390,0
1505672315,21667761,45.20,0.00792851,0
1505672315,21667759,45.19,0.12000000,0
1505672314,21667758,45.19,5.03331400,1
1505672314,21667756,45.19,4.89920500,1
1505672314,21667752,45.15,1.37000000,0
1505672314,21667750,45.12,1.83968386,0
1505672313,21667746,45.12,1.83970227,0
1505672313,21667745,45.11,0.00000417,0
1505672313,21667744,45.11,1.05272000,0
1505672313,21667743,45.11,0.00008317,0
1505672313,21667742,45.11,0.78730448,0
1505672312,21667741,45.09,0.12000000,0
1505672312,21667740,45.07,0.18385200,0
1505672312,21667739,45.07,1.65466800,0
1505672311,21667737,45.05,0.18204210,0
1505672310,21667736,45.05,0.18204210,0
1505672307,21667730,45.04,0.33003336,0
1505672305,21667723,45.04,0.92323438,0
1505672305,21667721,45.03,1.59274408,0
1505672305,21667719,45.03,0.25000000,0
1505672305,21667718,45.03,0.33025463,0
1505672305,21667717,45.03,1.59053698,0
1505672305,21667715,45.02,0.00798302,0
1505672304,21667713,44.99,0.12000000,0
1505672304,21667711,44.95,0.12000000,0
1505672302,21667691,44.95,4.79145938,0
1505672302,21667689,44.89,0.12000000,0
1505672282,21667652,44.86,0.18204210,1
1505672278,21667649,44.86,0.18204210,1
1505672074,21667480,44.86,0.18385200,1
1505672003,21667429,45.02,6.62416703,1
1505672001,21667428,45.01,0.02361671,0
1505671994,21667425,44.86,1.65466800,1
1505671872,21667288,44.87,2.00000000,0
1505671866,21667282,44.94,0.47079000,1
1505671853,21667255,45.00,44.18099863,0
1505671852,21667251,45.00,0.00436637,0
1505671851,21667239,45.00,0.00463461,0
1505671850,21667237,44.99,0.12000000,0
1505671850,21667234,44.95,1.00000000,0
1505671850,21667231,44.94,0.00000010,0
1505671850,21667226,44.94,1.84704664,0
1505671850,21667224,44.94,1.84693586,0
1505671849,21667222,44.89,0.12000000,0
1505671849,21667220,44.85,0.00000050,0
1505671799,21667153,44.85,1.71983200,0
1505671797,21667152,44.85,3.95000000,0
1505671792,21667136,44.85,1.00000000,0
1505671738,21667109,44.77,1.32889988,1
1505671737,21667108,44.79,0.23043040,1
1505671737,21667107,44.79,0.23043040,1
1505671737,21667106,44.82,5.52000000,1
1505671737,21667105,44.82,0.23043040,1
1505671737,21667104,44.82,0.23437995,1
1505671736,21667103,44.83,1.59274408,1
1505671731,21667098,44.83,0.25000000,1
1505671730,21667094,44.85,3.11016750,1
1505671728,21667087,44.85,1.60983250,1
1505671726,21667081,44.85,9.78000000,1
1505671670,21667032,44.85,0.50000000,1
1505671552,21666795,44.93,1.83968386,0
1505671551,21666792,44.92,0.00000417,1
1505671550,21666789,44.92,1.05272000,1
1505671546,21666769,44.92,1.05795889,0
1505671546,21666768,44.91,1.84710218,0
1505671546,21666767,44.90,1.83888371,0
1505671546,21666766,44.89,0.12000000,0
1505671546,21666765,44.85,0.29207920,0
1505671546,21666764,44.85,1.55888200,0
1505671546,21666763,44.83,0.00784719,0
1505671509,21666738,44.82,0.25000000,1
1505671501,21666728,44.82,0.99110235,0
1505671501,21666727,44.82,0.00114731,0
1505671501,21666725,44.82,0.00798034,0
1505671492,21666717,44.64,0.50000000,1
1505671474,21666699,44.78,2.14126639,0
1505671465,21666691,44.64,0.50000000,1
1505671452,21666680,44.64,0.50000000,1
1505671438,21666673,44.65,0.50000000,1
1505671427,21666668,44.63,0.50000000,1
1505671421,21666659,44.81,1.83623904,1
1505671419,21666646,44.81,2.75206427,1
1505671418,21666640,44.79,0.12000000,0
1505671418,21666637,44.69,0.12000000,0
1505671418,21666634,44.69,1.84611618,0
1505671417,21666633,44.66,0.00000021,0
1505671417,21666632,44.66,1.85163500,0
1505671368,21666584,44.63,1.85874665,0
1505671368,21666582,44.62,1.69153573,0
1505671368,21666581,44.62,0.15458010,0
1505671367,21666577,44.59,0.12000000,0
1505671194,21666434,44.46,30.80000000,1
1505671194,21666433,44.47,0.20000000,1
1505671157,21666420,44.42,8.00000000,1
1505671157,21666418,44.43,2.00000000,1
1505671151,21666415,44.57,2.00023000,0
1505670883,21666219,44.38,0.50000000,1
1505670861,21666212,44.38,0.25000000,1
1505670824,21666157,44.38,0.25000000,1
1505670815,21666149,44.38,0.25000000,1
1505670807,21666144,44.38,0.25000000,1
1505670803,21666139,44.40,0.25000000,1
1505670784,21666117,44.39,1.86979049,0
1505670784,21666111,44.38,20.87000027,1
1505670784,21666109,44.39,9.12999973,1
1505670783,21666108,44.39,1.69153600,1
1505670782,21666102,44.39,5.25846427,1
1505670782,21666100,44.40,23.05000000,1
1505670782,21666099,44.43,1.69153573,1
1505670770,21666079,44.43,0.15458010,1
1505670769,21666078,44.44,1.85874665,1
1505670769,21666077,44.45,1.56723979,1
1505670769,21666076,44.45,0.29207920,1
1505670768,21666075,44.60,0.32735426,1
1505670766,21666072,44.59,0.12000000,0
1505670683,21666014,44.64,0.28368089,1
1505670682,21666013,44.64,7.94557400,1
1505670682,21666012,44.64,7.07617700,1
1505670682,21666011,44.64,1.56723979,1
1505670681,21666009,44.65,1.55888200,0
1505670680,21666003,44.64,0.00732864,0
1505670680,21666002,44.59,0.11999968,0
1505670679,21666001,44.63,0.00000032,1
1505670670,21665987,44.63,1.85092100,1
1505670662,21665981,44.63,1.85205010,0
1505670661,21665978,44.44,0.00114731,0
1505670659,21665977,44.44,1.85885269,1
1505670638,21665941,44.62,1.84783056,1
1505670586,21665916,44.43,0.00463461,1
1505670586,21665914,44.46,1.84611618,1
1505670586,21665913,44.47,0.00000021,1
1505670585,21665912,44.47,1.85163500,1
1505670557,21665843,44.85,1.84296535,0
1505670557,21665842,44.85,2.88990564,0
1505670557,21665841,44.85,1.47731844,1
1505670556,21665836,44.75,1.19628813,0
1505670542,21665821,44.75,1.84704674,0
1505670539,21665813,44.75,1.84693586,0
1505670531,21665798,44.67,0.00000001,1
1505670521,21665770,44.68,4.76983604,1
1505670521,21665769,44.69,0.00008317,1
1505670516,21665751,44.69,1.84526337,1
1505670500,21665710,44.67,1.92550911,1
1505670500,21665708,44.71,1.83888371,1
1505670499,21665707,44.72,1.84710218,1
1505670493,21665695,44.93,1.83970227,1
1505670490,21665689,44.75,0.00000022,1
1505670489,21665686,44.75,12.95575397,1
1505670455,21665610,44.99,0.98846855,0
1505670455,21665609,44.99,0.12000000,0
1505670355,21665481,44.51,12.72000000,0
1505670355,21665480,44.75,5.18000000,1
1505670351,21665477,45.00,12.05089932,1
1505670351,21665476,45.00,23.18366400,1
1505670348,21665473,45.00,9.70632556,1
1505670313,21665448,45.02,0.00000012,1
1505670313,21665446,45.03,1.83519085,1
1505670312,21665441,45.02,5.54999988,1
1505670311,21665439,45.02,21.77677112,1
1505670310,21665438,45.03,18.42000000,0
1505670309,21665435,45.02,6.04322888,1
1505670308,21665433,45.03,0.31594483,1
1505670308,21665430,45.03,1.51965357,0
1505670305,21665426,45.03,0.30842500,1
1505670303,21665419,45.20,1.75239200,0
1505670303,21665415,45.20,0.06782800,1
1505670302,21665412,45.20,1.75239274,1
1505670297,21665390,45.00,1.83652808,1
1505670296,21665385,45.49,1.81538225,0
1505670296,21665383,45.01,5.00000000,1
1505670295,21665378,45.59,49.67317539,1
1505670295,21665377,45.59,9.46000000,1
1505670294,21665375,45.50,3.50000000,0
1505670294,21665374,45.50,2.50000000,1
1505670294,21665373,45.50,9.62771739,1
1505670294,21665371,45.49,0.12000000,0
1505670293,21665370,45.39,0.12000000,0
1505670293,21665368,45.39,0.86219832,1
1505670293,21665367,45.39,4.38700000,1
1505670293,21665364,45.33,2.61000000,0
1505670292,21665362,45.29,0.12000000,0
1505670292,21665361,45.29,26.00000000,1
1505670292,21665359,45.29,6.69493700,1
1505670292,21665358,45.29,10.50410900,1
1505670292,21665357,45.29,4.94919900,1
1505670292,21665356,45.29,5.23175500,1
1505670291,21665353,45.19,10.00000000,0
1505670291,21665351,45.19,0.12000000,0
1505670290,21665349,45.09,0.12000000,0
1505670290,21665348,45.09,47.68683275,1
1505670290,21665347,45.09,2.77582140,1
1505670290,21665345,45.09,1.93000000,1
1505670290,21665344,45.01,1.84410475,0
1505670290,21665342,45.01,1.91562969,0
1505670289,21665341,45.00,1.00000000,0
1505670289,21665340,45.00,8.73140000,0
1505670289,21665339,45.00,9.63000000,1
1505670289,21665335,44.99,9.68435023,0
1505670289,21665332,44.99,0.12000000,0
1505670288,21665330,44.98,1.84528644,0
1505670288,21665329,44.97,1.84579086,0
1505670288,21665328,44.96,1.41464080,0
1505670288,21665327,44.96,0.43026582,0
1505670288,21665326,44.96,0.00127805,0
1505670287,21665325,44.96,1.41448045,0
1505670287,21665324,44.96,0.00795459,0
1505670287,21665323,44.96,0.42380505,0
1505670287,21665321,44.96,94.00000000,1
1505670287,21665318,44.89,0.12000000,0
1505670286,21665316,44.87,1.84797211,0
1505670286,21665315,44.85,11.44533866,0
1505670286,21665314,44.84,1.84948955,0
1505670286,21665313,44.84,1.85112790,0
1505670285,21665312,44.83,2.38000000,0
1505670285,21665311,44.79,0.12000000,0
1505670285,21665310,44.79,15.95781239,0
1505670285,21665307,44.77,11.89000000,0
1505670283,21665304,44.71,25.71136700,0
1505670275,21665301,44.56,0.86219832,1
1505670275,21665300,44.64,1.84797211,1
1505670275,21665298,44.65,1.84948955,1
1505670261,21665285,44.71,44.28863300,0
1505670254,21665274,44.70,2.88000000,1
1505670234,21665236,44.69,0.12000000,0
1505670229,21665225,44.66,3.18316209,1
1505670202,21665168,44.77,6.56511056,0
1505670200,21665166,44.69,0.12000000,0
1505670176,21665111,44.79,3.50000000,0
1505670171,21665104,44.79,1.84528644,0
1505670169,21665102,44.69,0.12000000,0
1505670145,21665076,44.63,6.14709000,1
1505670143,21665075,44.62,6.14778000,1
1505670142,21665074,44.61,6.14778000,1
1505670137,21665062,44.79,1.84410475,0
1505670134,21665061,44.79,1.42953050,0
1505670134,21665060,44.79,0.12000000,0
1505670134,21665059,44.78,1.73371150,0
1505670134,21665058,44.78,0.12000000,0
1505670134,21665057,44.77,16.85668200,0
1505670133,21665052,44.77,1.56331800,0
1505670114,21664996,44.70,0.46410835,1
1505670097,21664979,44.70,0.41490758,0
1505670096,21664976,44.70,0.72989156,0
1505670096,21664974,44.70,1.84579086,0
1505670095,21664972,44.77,1.57386000,1
1505670095,21664970,44.77,1.41464080,1
1505670090,21664959,44.76,1.56622738,0
1505670084,21664946,44.77,1.09828516,0
1505670084,21664945,44.77,0.33200000,0
1505670084,21664943,44.69,0.12000000,0
1505670084,21664942,44.65,0.00790112,0
1505670009,21664789,44.62,0.00817251,0
1505670009,21664787,44.62,0.31354342,0
1505670002,21664776,44.62,0.03813997,0
1505670002,21664775,44.62,1.50864780,0
1505670002,21664774,44.62,1.34865559,0
1505669955,21664694,44.62,0.17000000,0
1505669935,21664666,44.52,5.38043035,1
1505669920,21664630,44.52,6.94767000,1
1505669907,21664576,44.62,0.34158253,0
1505669907,21664572,44.52,5.36620500,1
1505669907,21664570,44.52,0.48516500,1
1505669902,21664555,44.52,1.29151000,1
1505669897,21664527,44.52,7.13970000,1
1505669893,21664492,44.52,0.48516500,0
1505669878,21664392,44.52,10.67225579,1
1505669877,21664383,44.52,0.48516421,1
1505669870,21664356,44.52,3.75258000,1
1505669844,21664294,44.51,3.14730000,1
1505669831,21664253,44.51,8.46877418,1
1505669831,21664252,44.58,0.43026582,1
1505669830,21664244,44.58,1.41575850,1
1505669829,21664243,44.59,1.73371150,1
1505669829,21664242,44.59,0.12000000,0
1505669820,21664226,44.50,0.65600000,0
1505669820,21664224,44.50,1.86544398,0
1505669820,21664222,44.50,3.50000000,0
1505669819,21664220,44.49,0.12000000,0
1505669815,21664196,44.44,9.00848733,1
1505669815,21664195,44.45,0.18793267,1
1505669813,21664187,44.45,21.81206733,0
1505669799,21664095,44.45,1.85902902,0
1505669779,21664058,44.35,3.76375158,1
1505669779,21664057,44.41,0.74009842,1
1505669779,21664054,44.41,1.18898220,0
1505669778,21664053,44.41,0.68005276,0
1505669778,21664052,44.41,0.04498439,0
1505669778,21664051,44.41,0.68056030,0
1505669778,21664050,44.41,1.13653737,0
1505669778,21664049,44.40,1.74294687,0
1505669778,21664048,44.40,0.12671662,0
1505669778,21664046,44.39,2.20000000,0
1505669777,21664044,44.39,0.12000000,0
1505669777,21664042,44.39,0.33912107,0
1505669776,21664036,44.35,2.25274000,1
1505669769,21664026,44.36,1.96788000,1
1505669765,21664016,44.36,7.23239000,1
1505669756,21663995,44.35,3.16035000,1
1505669733,21663921,44.39,0.33200000,0
1505669732,21663920,44.29,0.12000000,0
1505669731,21663919,44.28,0.00000020,0
1505669692,21663865,44.28,1.18898200,0
1505669564,21663776,44.21,0.12555683,0
1505669562,21663775,44.19,0.12000000,0
1505669489,21663714,44.21,1.74294687,0
1505669489,21663713,44.21,0.12671662,0
1505669488,21663711,44.21,1.74048000,0
1505669488,21663710,44.19,0.12000000,0
1505669487,21663705,44.16,2.02000000,1
1505669451,21663631,44.12,0.40700000,0
1505669450,21663630,44.12,3.66300000,0
1505669153,21663234,44.00,1.83752684,1
1505669141,21663226,44.19,0.82912402,1
1505669141,21663222,44.20,1.86916587,1
1505669139,21663213,44.31,1.86544398,0
1505669138,21663210,44.21,0.35985590,1
1505669138,21663208,44.21,1.50864780,1
1505669138,21663207,44.22,1.18898220,1
1505669137,21663206,44.22,0.68005276,0
1505669135,21663193,44.22,0.04498439,1
1505669135,21663189,44.22,0.68056030,1
1505669044,21663104,44.22,1.13653737,1
1505669039,21663099,44.43,1.86023812,0
1505669038,21663098,44.43,42.81161377,0
1505669038,21663097,44.39,0.12000000,0
1505669037,21663096,44.38,27.00000000,0
1505669037,21663095,44.31,22.00000000,0
1505669037,21663094,44.29,0.12000000,0
1505669037,21663093,44.29,2.30000000,1
1505669036,21663092,44.28,1.75471465,0
1505669036,21663091,44.28,0.12000000,0
1505669036,21663090,44.27,1.85851154,0
1505669036,21663087,44.27,0.01657212,0
1505669036,21663085,44.27,1.74672300,0
1505669036,21663084,44.27,0.12000000,0
1505669035,21663083,44.27,0.00822933,0
1505669035,21663082,44.27,1.75485852,0
1505669035,21663081,44.27,0.12000000,0
1505669035,21663080,44.27,11.48000000,1
1505669035,21663079,44.27,15.43145061,1
1505669035,21663078,44.26,1.63369065,0
1505669035,21663077,44.26,0.23399846,0
1505669034,21663076,44.26,0.00787633,0
1505669034,21663075,44.26,1.74614774,0
1505669034,21663074,44.26,0.12945523,0
1505669034,21663072,44.25,2.30000000,0
1505669034,21663071,44.25,11.48000000,0
1505669034,21663070,44.25,2.98800000,1
1505669033,21663069,44.23,1.54745040,0
1505669033,21663068,44.23,0.32000000,0
1505669033,21663067,44.23,0.00121343,0
1505669033,21663066,44.23,0.00829356,0
1505669033,21663065,44.22,0.62816757,0
1505669033,21663064,44.22,0.45881935,0
1505669032,21663063,44.22,0.79026363,0
1505669032,21663062,44.22,1.87728812,0
1505669032,21663061,44.21,1.87773337,0
1505669032,21663060,44.21,0.01734564,0
1505669032,21663059,44.20,1.87062503,0
1505669032,21663058,44.20,0.00730950,0
1505669031,21663057,44.20,0.12000000,0
1505669031,21663056,44.20,36.03564058,0
1505669031,21663055,44.19,0.12000000,0
1505669031,21663054,44.18,1.63884473,0
1505669031,21663053,44.18,0.12000000,0
1505669031,21663052,44.18,0.12000000,0
1505669031,21663051,44.18,1.63880184,0
1505669030,21663050,44.18,0.12000000,0
1505669030,21663049,44.18,0.12000000,0
1505669030,21663048,44.17,0.30358544,0
1505669030,21663047,44.17,1.57583693,0
1505669030,21663046,44.17,0.00000068,0
1505669030,21663045,44.17,1.75093000,0
1505669030,21663044,44.17,0.12845408,0
1505669030,21663043,44.17,1.87942237,0
1505669029,21663042,44.14,0.20166743,0
1505669029,21663041,44.14,1.39892492,0
1505669029,21663040,44.14,0.28000000,0
1505669029,21663039,44.14,1.88061117,0
1505669029,21663038,44.12,1.88129792,0
1505669028,21663037,44.11,1.88200872,0
1505669028,21663036,44.10,1.88239517,0
1505669028,21663035,44.10,1.88241849,0
1505669028,21663034,44.10,0.25236214,0
1505669028,21663033,44.10,0.12000000,0
1505669028,21663032,44.10,1.50999985,0
1505669028,21663031,44.10,0.36434015,0
1505669027,21663030,44.10,1.39000000,0
1505669027,21663029,44.10,0.12000000,0
1505669027,21663028,44.10,0.00809717,0
1505669027,21663027,44.10,1.10943732,0
1505669027,21663026,44.10,0.65300000,0
1505669027,21663025,44.10,0.12000000,0
1505669027,21663024,44.09,0.12813263,0
1505669025,21663020,44.08,3.90000000,0
1505668970,21662935,44.01,28.22009093,0
1505668970,21662934,44.03,93.00000000,1
1505668970,21662933,44.03,0.57990907,1
1505668969,21662932,44.04,27.88000000,0
1505668968,21662931,44.04,30.32000000,1
1505668867,21662866,44.03,0.42415343,1
1505668866,21662863,44.03,0.62816757,1
1505668560,21662668,44.03,0.45881935,1
1505668559,21662667,44.07,1.63369065,1
1505668549,21662661,44.07,0.23399846,1
1505668549,21662660,44.08,1.85851154,1
1505668548,21662659,44.09,0.12000000,0
1505668511,21662646,44.03,1.09234411,0
1505668511,21662645,44.03,0.00284657,0
1505668511,21662644,44.03,0.00059059,0
1505668511,21662643,44.03,0.00721314,0
1505668487,21662631,44.02,0.00812097,0
1505668299,21662555,44.00,1.43982000,0
1505668299,21662554,44.00,1.88652294,0
1505668299,21662553,44.00,0.56951787,0
1505668298,21662549,43.99,0.12000000,0
1505668291,21662545,44.00,1.31364535,0
1505668291,21662544,44.00,1.88369708,0
1505668291,21662543,44.00,1.88672361,0
1505668291,21662542,44.00,1.88642496,0
1505668291,21662541,44.00,0.67855900,0
1505668288,21662540,44.00,0.32144100,0
1505668288,21662539,44.00,3.57442000,0
1505668228,21662518,43.99,1.68000000,1
1505668228,21662516,44.00,6.12219700,0
1505668192,21662504,44.00,18.94014000,0
1505668153,21662491,44.00,69.67300000,0
1505668153,21662490,43.99,0.12000000,0
1505668072,21662451,44.00,1.69024300,0
1505667876,21662331,43.99,1.63884473,0
1505667876,21662330,43.99,0.12000000,0
1505667876,21662329,43.99,0.12000000,0
1505667875,21662327,43.98,0.12000000,0
1505667572,21662157,43.89,0.12000000,0
1505667471,21662131,43.88,0.20000000,0
1505667009,21661809,43.81,1.43982000,1
1505666991,21661790,43.97,9.98180578,0
1505666991,21661789,43.98,0.30358544,1
1505666990,21661788,43.98,1.57583693,0
1505666978,21661779,43.98,0.00000068,1
1505666978,21661778,43.98,1.75093000,1
1505666974,21661770,43.82,4.21051000,0
1505666968,21661767,43.86,5.30506500,1
1505666913,21661713,43.98,0.12000000,0
1505666911,21661712,43.89,1.76329512,1
1505666911,21661711,43.89,0.12000000,0
1505666911,21661710,43.80,0.04843827,1
1505666910,21661708,43.80,52.95156173,0
1505666902,21661698,43.79,2.50941000,1
1505666902,21661697,43.79,9.43274408,1
1505666902,21661696,43.79,1.76725592,1
1505666800,21661636,43.79,0.12000000,0
1505666798,21661635,43.69,0.12000000,0
1505666708,21661574,43.78,0.00339000,1
1505666707,21661572,43.79,5.07000000,0
1505666514,21661398,43.80,1.58831700,0
1505666507,21661393,43.80,1.58382500,0
1505666426,21661313,43.80,2.82726000,0
1505666425,21661307,43.80,1.68866604,0
1505666425,21661305,43.79,0.96266396,0
1505666424,21661297,43.79,1.51570000,0
1505666423,21661291,43.79,1.55684000,0
1505666421,21661280,43.79,1.56479604,1
1505666418,21661279,43.80,5.80318700,0
1505666414,21661269,43.80,1.60553300,0
1505666407,21661252,43.80,1.11210045,0
1505666402,21661241,43.80,1.60120100,0
1505666396,21661224,43.80,1.87000000,0
1505666366,21661210,43.80,1.88652294,0
1505666364,21661205,43.80,0.20610480,1
1505666323,21661176,43.81,1.88316322,1
1505666131,21661047,43.80,2.01825000,1
1505665998,21660979,43.90,0.23010500,1
1505665997,21660978,43.90,11.76989500,1
1505665930,21660939,43.98,1.88710826,0
1505665930,21660938,43.98,1.76757698,0
1505665930,21660936,43.98,0.12000000,0
1505665929,21660935,43.98,0.00799682,0
1505665860,21660756,43.90,1.00000000,1
1505665837,21660724,43.89,4.04248000,1
1505665735,21660605,43.96,1.88842058,0
1505665735,21660604,43.96,1.11337436,0
1505665726,21660597,43.91,0.22315512,0
1505665716,21660569,43.90,2.90579100,0
1505665683,21660518,43.79,0.32000000,1
1505665681,21660515,43.90,1.88239517,0
1505665680,21660513,43.79,0.00121343,0
1505665678,21660508,43.79,0.31878657,1
1505665584,21660416,43.91,3.81234342,1
1505665583,21660415,43.90,2.88411200,0
1505665583,21660414,43.89,0.12000000,0
1505665581,21660412,43.88,0.00010120,0
1505665546,21660392,43.88,22.43670852,1
1505665432,21660318,43.88,0.57000000,1
1505665419,21660309,43.88,0.60000000,1
1505665406,21660273,43.88,0.68000000,1
1505665392,21660264,43.88,0.92000000,1
1505665387,21660253,43.88,1.16000000,1
1505665369,21660243,43.95,0.20166743,1
1505665369,21660242,43.95,1.39892492,1
1505665367,21660241,43.95,0.28000000,0
1505665366,21660240,43.88,1.40000000,1
1505665366,21660239,43.88,97.00000000,1
1505665362,21660234,43.86,1.67000000,0
1505665362,21660232,43.79,0.11630292,0
1505665362,21660231,43.79,1.88369708,1
1505665354,21660226,43.80,2.86907913,0
1505665352,21660225,43.80,25.63068900,0
1505665347,21660220,43.81,1.90800000,0
1505665270,21660186,43.79,2.12000000,0
1505665265,21660178,43.95,1.88061117,0
1505665261,21660176,43.96,0.77489507,0
1505665261,21660174,43.95,1.88879238,0
1505665261,21660172,43.95,1.88885212,0
1505665261,21660170,43.95,1.88888992,0
1505665260,21660168,43.94,0.37023585,0
1505665260,21660167,43.94,1.51893459,0
1505665260,21660166,43.94,0.27849210,0
1505665260,21660164,43.94,1.61067834,0
1505665260,21660163,43.94,1.88932166,0
1505665260,21660161,43.93,0.00839897,0
1505665259,21660160,43.92,1.88714602,0
1505665259,21660159,43.89,0.12000000,0
1505665257,21660157,43.88,3.82000000,0
1505665237,21660126,43.79,2.34995000,1
1505665222,21660106,43.79,0.00289174,0
1505665221,21660105,43.79,1.88710826,1
1505665216,21660095,43.89,1.76308785,1
1505665214,21660093,43.89,0.12000000,0
1505665213,21660089,43.80,3.24000000,0
1505665191,21660046,43.90,1.88284728,0
1505665185,21660033,43.72,4.85000000,0
1505665166,21659983,43.85,0.86508000,0
1505665129,21659874,43.75,25.96946071,1
1505665129,21659872,43.80,5.62000000,0
1505665128,21659869,43.80,30.61679600,0
1505665128,21659868,43.80,3.76320400,0
1505665128,21659866,43.79,5.62000000,0
1505665126,21659860,43.75,3.03153929,0
1505665125,21659855,43.75,29.01508571,0
1505665124,21659845,43.75,33.54788000,0
1505665121,21659832,43.75,24.34806500,0
1505665115,21659817,43.74,6.68000000,1
1505665093,21659775,43.75,2.05743000,0
1505665089,21659767,43.73,1.88714602,1
1505665072,21659707,43.85,7.08534400,0
1505665056,21659633,43.86,36.97742818,0
1505665054,21659630,43.85,8.97000000,0
1505665024,21659554,43.92,1.03087338,0
1505665024,21659553,43.92,44.97000000,0
1505665023,21659552,43.91,1.88000000,0
1505665023,21659551,43.89,0.12000000,0
1505665001,21659513,43.70,0.00184977,1
1505665000,21659512,43.75,2.38276023,1
1505664999,21659506,43.75,7.30159000,1
1505664958,21659361,43.76,3.21971000,1
1505664947,21659297,43.77,3.38916093,0
1505664945,21659282,43.76,12.52800000,1
1505664944,21659278,43.77,1.88842058,0
1505664943,21659265,43.91,1.88241849,1
1505664932,21659236,43.78,59.20492563,1
1505664931,21659232,43.78,11.58538185,0
1505664930,21659230,43.78,1.88672361,0
1505664928,21659216,43.77,11.10000000,1
1505664927,21659210,43.88,0.22299454,1
1505664927,21659208,43.90,6.14368100,1
1505664926,21659206,43.90,4.98388600,1
1505664923,21659177,43.89,0.68952631,0
1505664920,21659160,43.91,0.25236214,1
1505664918,21659146,43.92,1.88200872,1
1505664907,21659076,43.91,0.12000000,1
1505664905,21659070,43.91,1.50999985,0
1505664903,21659057,43.91,0.36434015,1
1505664902,21659054,43.91,1.39000000,1
1505664902,21659047,43.91,0.12000000,1
1505664897,21659024,43.79,3.33104000,1
1505664896,21659021,43.79,3.57722000,1
1505664892,21658999,43.89,0.12000000,0
1505664892,21658998,43.88,4.69937200,0
1505664891,21658997,43.88,0.00000006,0
1505664891,21658996,43.88,0.00843693,0
1505664886,21658980,43.87,0.00000035,0
1505664886,21658978,43.87,1.63110200,0
1505664886,21658976,43.87,0.26000000,0
1505664886,21658974,43.85,0.66199017,0
1505664886,21658973,43.85,1.23122000,0
1505664886,21658972,43.84,1.89350951,0
1505664885,21658971,43.84,0.00133728,0
1505664885,21658970,43.84,1.89187900,0
1505664885,21658969,43.84,1.89355136,0
1505664885,21658968,43.83,18.42000000,0
1505664885,21658966,43.83,0.00602409,0
1505664877,21658931,43.79,20.24578141,1
1505664877,21658930,43.82,1.00000000,1
1505664877,21658929,43.82,1.87891859,1
1505664872,21658910,43.74,12.06657000,1
1505664872,21658908,43.81,0.50973000,1
1505664871,21658907,43.81,0.49027000,0
1505664867,21658881,43.74,11.10000000,1
1505664865,21658876,43.74,18.37080000,1
1505664864,21658874,43.67,5.84210000,1
1505664864,21658872,43.68,6.29000000,1
1505664863,21658866,43.81,0.66199052,0
1505664863,21658865,43.81,1.23273435,0
1505664862,21658862,43.80,1.89517830,0
1505664862,21658861,43.79,0.52261862,0
1505664862,21658860,43.79,1.37320300,0
1505664862,21658858,43.79,1.89574575,0
1505664862,21658857,43.79,0.27583916,0
1505664861,21658855,43.79,1.50000000,0
1505664861,21658854,43.79,0.12000000,0
1505664861,21658852,43.79,0.12000000,0
1505664861,21658848,43.78,0.12000000,0
1505664860,21658844,43.78,1.89623623,0
1505664860,21658841,43.78,1.89618066,0
1505664860,21658838,43.75,5.00000000,0
1505664857,21658831,43.68,19.45870000,1
1505664855,21658812,43.67,41.05120000,1
1505664835,21658641,43.67,21.38405000,1
1505664834,21658632,43.61,25.91798700,1
1505664833,21658624,43.62,21.34995600,1
1505664827,21658568,43.69,1.92014581,1
1505664826,21658562,43.69,0.12000000,0
1505664826,21658559,43.68,0.12000000,0
1505664826,21658558,43.65,1.89920958,0
1505664826,21658557,43.61,0.00043611,0
1505664826,21658556,43.61,1.89930700,0
1505664825,21658554,43.61,0.13373567,0
1505664825,21658553,43.60,0.00000045,0
1505664825,21658551,43.60,1.89930614,0
1505664825,21658547,43.60,0.00785924,0
1505664819,21658512,43.59,0.12000000,0
1505664817,21658511,43.49,0.12000000,0
1505664815,21658508,43.39,0.12000000,0
1505663787,21657282,43.40,1.36926535,1
1505663787,21657281,43.41,0.00000045,1
1505663769,21657262,43.41,1.89930614,1
1505663768,21657260,43.42,0.53047786,1
1505663752,21657196,43.43,1.89920958,1
1505663710,21657140,43.42,1.37320300,1
1505663709,21657138,43.58,1.89623623,0
1505663707,21657136,43.42,0.00043611,1
1505663707,21657135,43.42,1.89930700,1
1505663691,21657115,43.60,1.89574575,0
1505663662,21657108,43.51,1.89517830,0
1505663578,21657064,43.57,1.89350951,0
1505663575,21657061,43.59,1.89618066,1
1505663573,21657060,43.61,1.76123240,0
1505663573,21657059,43.59,0.12477760,0
1505663572,21657056,43.59,0.12000000,0
1505663571,21657055,43.49,0.12000000,0
1505663554,21657051,43.40,3.59938324,1
1505663553,21657050,43.41,0.40061676,1
1505663403,21656995,43.41,1.50000000,1
1505663256,21656890,43.40,0.99915193,1
1505663256,21656889,43.41,1.89496807,1
1505663161,21656855,43.40,4.38270000,1
1505663159,21656854,43.40,2.95891000,1
1505663156,21656852,43.40,1.08130000,1
1505663152,21656850,43.40,8.60928948,1
1505663152,21656849,43.62,0.66199052,1
1505663138,21656832,43.62,1.23273435,1
1505663138,21656831,43.63,0.66199017,1
1505663138,21656829,43.67,0.00000035,1
1505663128,21656797,43.67,1.63110200,1
1505663097,21656760,43.67,0.26000000,1
1505663046,21656714,43.65,31.38980000,1
1505663029,21656703,43.79,1.76757698,1
1505663028,21656700,43.79,0.12000000,0
1505663027,21656699,43.69,5.44591155,1
1505663027,21656698,43.69,0.12000000,0
1505662993,21656639,43.63,1.23122000,1
1505662747,21656348,43.63,1.88991724,1
1505662747,21656347,43.63,0.00284657,1
1505662747,21656346,43.64,1.89187843,1
1505662747,21656345,43.65,0.00133728,1
1505662746,21656344,43.65,1.89187900,1
1505662694,21656318,43.75,1.88879238,0
1505662692,21656315,43.73,8.42222641,0
1505662690,21656310,43.66,0.57800359,0
1505662682,21656301,43.70,2.53827360,1
1505662681,21656296,43.70,7.16109840,1
1505662623,21656257,43.81,0.00059059,1
1505662623,21656256,43.81,1.88450126,1
1505662616,21656253,43.69,0.26825360,0
1505662603,21656247,43.79,1.88642496,0
1505662531,21656198,43.76,1.88885212,0
1505662530,21656197,43.75,1.88888992,0
1505662525,21656194,43.69,1.08511000,1
1505662525,21656193,43.69,13.04240657,1
1505662525,21656192,43.84,20.19069343,1
1505662524,21656189,43.83,1.89406498,0
1505662523,21656188,43.81,1.89495238,0
1505662523,21656187,43.81,0.89490952,0
1505662523,21656186,43.81,1.00000000,0
1505662523,21656185,43.80,5.00000000,0
1505662523,21656183,43.79,0.03624776,0
1505662522,21656182,43.79,1.55300000,0
1505662522,21656181,43.79,1.89582162,0
1505662522,21656180,43.79,0.30642065,0
1505662522,21656179,43.79,1.89565091,0
1505662522,21656178,43.79,0.12000000,0
1505662521,21656177,43.77,1.89667020,0
1505662521,21656176,43.69,0.12000000,0
1505662521,21656175,43.68,1.78061676,0
1505662521,21656174,43.68,0.12000000,0
1505662520,21656173,43.67,2.97000000,1
1505662520,21656172,43.67,1.88437017,0
1505662520,21656171,43.67,0.01658861,0
1505662520,21656170,43.67,1.89236804,0
1505662520,21656169,43.67,0.00864780,0
1505662520,21656168,43.67,1.66069250,0
1505662520,21656167,43.67,0.12000000,0
1505662519,21656166,43.67,0.12000000,0
1505662519,21656165,43.66,0.00043712,0
1505662519,21656164,43.66,1.90061676,0
1505662519,21656163,43.66,1.90147218,0
1505662519,21656162,43.66,1.89536794,0
1505662518,21656161,43.65,1.31519736,0
1505662518,21656160,43.65,0.57715206,0
1505662518,21656159,43.64,1.90192873,0
1505662518,21656158,43.64,1.90234743,0
1505662518,21656157,43.64,1.90223323,0
1505662518,21656156,43.64,1.90234760,0
1505662517,21656155,43.63,1.90278535,0
1505662517,21656154,43.62,14.85000000,1
1505662517,21656153,43.59,1.90452002,0
1505662517,21656152,43.59,0.12000000,0
1505662516,21656151,43.57,0.00115980,0
1505662516,21656150,43.57,0.25000000,0
1505662516,21656149,43.57,0.12000000,0
1505662516,21656148,43.57,1.53383727,0
1505662515,21656146,43.52,1.90729141,0
1505662515,21656145,43.52,1.90731050,0
1505662515,21656142,43.51,1.90797987,0
1505662515,21656141,43.51,1.90773169,0
1505662513,21656139,43.50,12.80000000,0
1505662458,21656092,43.50,7.48514827,0
1505662449,21656071,43.49,1.78061676,1
1505662448,21656070,43.49,0.12000000,0
1505662447,21656066,43.47,18.42000000,0
1505662445,21656060,43.48,1.88437017,1
1505662429,21656039,43.47,1.90937851,0
1505662427,21656035,43.46,1.10000000,0
1505662418,21656000,43.46,1.90192873,0
1505662415,21655991,43.46,1.90986100,1
1505662415,21655990,43.46,1.53002461,1
1505662414,21655986,43.46,1.90985969,0
1505662414,21655984,43.46,0.00000170,0
1505662413,21655983,43.46,1.53003000,0
1505662412,21655980,43.45,1.90234743,0
1505662408,21655972,43.46,0.38000000,0
1505662407,21655963,43.45,0.00874188,0
1505662406,21655962,43.45,1.90751026,0
1505662406,21655961,43.45,0.00315414,0
1505662406,21655960,43.45,0.24176240,0
1505662405,21655958,43.44,3.89976960,0
1505662388,21655916,43.40,0.37543558,1
1505661989,21655711,43.39,70.20762826,1
1505661989,21655709,43.40,3.90000023,1
1505661874,21655686,43.40,1.09999977,1
1505661780,21655646,43.39,1.00286600,1
1505661770,21655628,43.39,1.96681240,1
1505661763,21655616,43.39,2.62616300,1
1505661756,21655598,43.40,47.26981567,1
1505661741,21655582,43.41,38.06000000,1
1505661722,21655569,43.44,0.00070983,1
1505661710,21655562,43.44,40.44221917,1
1505661709,21655561,43.44,1.35707100,0
1505661674,21655546,43.45,1.66890200,0
1505661674,21655545,43.44,1.03000000,0
1505661672,21655531,43.44,29.71464312,0
1505661575,21655349,43.44,1.90223323,0
1505661573,21655342,43.44,1.91076800,0
1505661572,21655341,43.44,0.00402582,0
1505661572,21655339,43.44,0.00427588,0
1505661543,21655301,43.41,1.09997674,1
1505661537,21655299,43.40,0.00835778,0
1505661509,21655292,43.39,0.00000010,0
1505661509,21655291,43.39,1.54738521,0
1505661290,21655212,43.39,0.11477299,0
1505661264,21655196,43.39,0.12000000,0
1505661262,21655194,43.39,0.37911961,0
1505661262,21655193,43.37,1.91379939,0
1505661260,21655189,43.32,0.00695817,0
1505661246,21655182,43.30,1.91493804,0
1505661246,21655181,43.29,0.12000000,0
1505661246,21655180,43.29,1.91286114,0
1505661246,21655179,43.29,0.00338936,0
1505661115,21655108,43.19,0.12000000,0
1505661057,21655027,43.12,0.28253193,0
1505661015,21655018,43.11,14.05800000,0
1505660982,21655006,43.10,1.62956000,0
1505660968,21654951,43.12,1.62613200,0
1505660962,21654941,43.10,12.88000000,0
1505660962,21654940,43.09,0.12000000,0
1505660865,21654916,43.10,0.65600000,1
1505660852,21654872,43.11,1.91493804,1
1505660846,21654867,43.12,1.91000000,1
1505660732,21654800,43.13,1.91493804,1
1505660228,21654484,43.26,1.90751026,1
1505660161,21654471,43.20,0.00000010,1
1505660114,21654423,43.20,1.66331800,1
1505659894,21654316,43.20,0.25000000,1
1505659677,21654251,43.25,2.87895606,1
1505659677,21654250,43.25,1.91547765,0
1505659677,21654249,43.24,0.54834895,0
1505659677,21654248,43.23,1.91149294,0
1505659676,21654247,43.21,1.91505301,0
1505659676,21654246,43.20,1.91093408,0
1505659675,21654244,43.19,0.12000000,0
1505659674,21654243,43.19,0.12000000,0
1505659519,21654098,43.18,1.91287780,0
1505659490,21654085,43.19,1.91379939,0
1505659435,21654055,43.19,1.91295688,0
1505659368,21653990,43.01,0.33728696,1
1505659368,21653989,43.01,1.91093408,1
1505659367,21653987,43.02,1.91505301,1
1505659367,21653986,43.03,1.91149294,1
1505659367,21653985,43.08,1.91286114,1
1505659367,21653983,43.10,1.92000000,1
1505659339,21653935,43.24,1.36664956,0
1505659339,21653934,43.24,1.91249012,0
1505659339,21653933,43.23,1.91160552,0
1505658978,21653785,43.04,1.91499851,1
1505658978,21653784,43.05,1.91860157,1
1505658967,21653775,43.22,1.91076800,1
1505658963,21653766,43.06,1.91249012,1
1505658949,21653757,43.05,8.69440942,1
1505658949,21653756,43.05,1.91160552,1
1505658948,21653755,43.06,1.91547765,1
1505658948,21653754,43.07,1.91276787,1
1505658948,21653753,43.08,1.91381854,1
1505658818,21653683,43.32,1.90773169,0
1505658813,21653678,43.43,0.24813832,0
1505658813,21653677,43.39,0.12000000,0
1505658813,21653676,43.36,1.90219516,0
1505658813,21653675,43.34,1.90543621,0
1505658813,21653674,43.29,0.12000000,0
1505658755,21653659,43.29,1.90895665,0
1505658754,21653658,43.32,6.24187399,0
1505658754,21653655,43.29,0.12000000,0
1505658754,21653652,43.19,0.12000000,0
1505658663,21653426,43.29,1.66934030,1
1505658663,21653425,43.29,0.12000000,1
1505658661,21653424,43.29,0.12000000,0
1505658490,21653365,43.33,10.00023000,0
1505658451,21653345,43.27,0.00000170,1
1505658451,21653344,43.27,1.91003000,1
1505658370,21653291,43.33,1.90729141,0
1505658350,21653279,43.33,1.90731050,0
1505658340,21653267,43.25,0.00402582,1
1505658236,21653120,43.04,25.11942446,1
1505658202,21652965,43.24,1.90716879,0
1505658183,21652795,42.99,1.46800000,0
1505658182,21652794,43.06,0.88200000,0
1505658182,21652793,43.06,18.40000000,0
1505658181,21652792,43.00,7.33475594,0
1505658181,21652791,43.05,0.36900186,1
1505658181,21652790,43.06,1.90706123,1
1505658178,21652789,43.16,1.90543621,1
1505658178,21652788,43.17,1.90219516,1
1505658173,21652781,43.48,0.00043712,1
1505658122,21652710,43.46,1.90147218,0
1505658094,21652599,43.42,1.90234760,0
1505658082,21652569,43.30,1.90061676,1
1505657874,21652390,43.32,9.16747875,0
1505657873,21652389,43.36,23.77792125,1
1505657872,21652387,43.36,3.78207875,1
1505657871,21652386,43.38,1.09994125,1
1505657868,21652373,43.62,1.89495238,1
1505657863,21652372,43.63,1.89355136,1
1505657855,21652368,43.33,0.01560000,0
1505657809,21652273,43.39,22.29000000,1
1505657796,21652246,43.40,9.08618181,1
1505657796,21652245,43.42,1.24432083,1
1505657796,21652244,43.46,1.31519736,1
1505657794,21652241,43.48,5.89541000,1
1505657793,21652238,43.46,0.57715206,1
1505657792,21652237,43.47,1.89536794,1
1505657789,21652234,43.62,1.88741919,0
1505657759,21652225,43.58,2.17714000,1
1505657759,21652224,43.58,2.22258415,1
1505657759,21652223,43.75,0.37023585,1
1505657722,21652201,43.76,1.88826943,0
1505657713,21652193,43.75,0.10004089,0
1505657713,21652192,43.74,0.00569001,0
1505657711,21652191,43.72,1.89196848,0
1505657711,21652190,43.72,0.00253062,0
1505657695,21652179,43.71,4.56417296,0
1505657660,21652161,43.71,0.68451155,0
1505657649,21652152,43.49,2.38032152,0
1505657648,21652149,43.53,1.89196848,1
1505657645,21652146,43.53,0.00253062,1
1505657645,21652145,43.54,3.61862938,1
1505657634,21652131,43.69,4.44626230,1
1505657633,21652130,43.69,0.12000000,0
1505657508,21652080,43.54,1.47737429,1
1505657508,21652079,43.55,1.89538690,0
1505657506,21652078,43.61,0.52099000,1
1505657421,21652043,43.61,1.97901000,1
1505657336,21651991,43.75,1.61067834,0
1505657335,21651989,43.69,21.69136400,0
1505657334,21651988,43.63,3.36926994,0
1505657333,21651985,43.69,0.00000006,1
1505657332,21651982,43.75,1.88932166,0
1505657331,21651981,43.69,1.76246100,1
1505657322,21651968,43.69,0.12000000,0
1505657307,21651954,43.68,33.72463124,1
1505657307,21651953,43.68,1.90036876,0
1505657168,21651730,43.68,10.29281135,1
1505657168,21651728,43.65,25.00000000,0
1505657166,21651724,43.64,10.43000000,1
1505657164,21651715,43.59,0.03624776,1
1505657162,21651713,43.64,1.89406498,0
1505657157,21651712,43.60,1.90391025,0
1505657157,21651711,43.60,10.44792010,0
1505657131,21651673,43.59,1.55300000,1
1505657107,21651659,43.60,1.89582162,0
1505657094,21651651,43.59,1.59787121,0
1505657094,21651650,43.56,0.00891933,0
1505656985,21651499,43.54,1.60848376,0
1505656927,21651402,43.42,2.57172028,1
1505656927,21651401,43.50,1.24698972,1
1505656922,21651372,43.50,0.65300000,0
1505656920,21651369,43.43,1.90187165,0
1505656919,21651368,43.42,1.91197120,0
1505656919,21651365,43.42,1.90356658,0
1505656916,21651347,43.40,3.45738566,1
1505656915,21651346,43.41,1.90619434,1
1505656909,21651327,43.41,1.90587555,0
1505656886,21651229,43.40,19.51044122,0
1505656886,21651228,43.40,0.77171431,0
1505656886,21651227,43.40,1.12802880,0
1505656886,21651226,43.39,0.12000000,0
1505656729,21651030,43.39,1.90429186,0
1505656726,21651026,43.27,1.55981000,0
1505656658,21650952,43.39,13.89300000,0
1505656538,21650869,43.16,1.44436369,1
1505656538,21650867,43.22,0.77171431,1
1505656508,21650799,43.37,1.90558953,1
1505656501,21650788,43.22,1.12802880,1
1505656501,21650787,43.23,1.91197120,1
1505656499,21650786,43.23,1.90587555,1
1505656481,21650772,43.23,3.04643342,0
1505656481,21650771,43.23,1.90356658,1
1505656449,21650755,43.24,1.90187165,1
1505656441,21650746,43.26,4.95000000,1
1505656441,21650745,43.26,19.02587400,1
1505656338,21650664,43.56,1.89746758,0
1505656290,21650631,43.45,19.71000000,0
1505656238,21650596,43.30,17.93056897,1
1505656118,21650519,43.60,1.89565091,0
1505656115,21650515,43.59,0.89490952,1
1505656115,21650514,43.59,1.00000000,1
1505656114,21650512,43.60,5.76060737,0
1505656114,21650511,43.60,6.09397978,1
1505656113,21650509,43.59,1.90453907,0
1505656113,21650507,43.55,19.75000000,0
1505656113,21650506,43.55,1.49000000,1
1505656112,21650505,43.53,7.47000000,1
1505656112,21650503,43.51,3.23433800,0
1505656110,21650501,43.49,1.99258370,1
1505656110,21650500,43.49,0.12000000,0
1505656110,21650499,43.47,0.00902886,0
1505656108,21650498,43.39,0.12000000,0
1505656005,21650442,43.29,1.10802000,1
1505656004,21650441,43.29,14.83760000,1
1505656003,21650440,43.30,14.83760000,1
1505655871,21650347,43.39,0.12000000,0
1505655786,21650275,43.30,4.90717000,1
1505655688,21650143,43.33,14.97200000,1
1505655687,21650140,43.33,5.11857000,1
1505655685,21650132,43.40,2.53649000,1
1505655684,21650129,43.40,2.23893000,1
1505655678,21650124,43.40,3.41790856,0
1505655648,21650114,43.40,19.71000000,0
1505655582,21650033,43.40,1.03331446,0
1505655566,21649946,43.40,1.89930300,0
1505655552,21649914,43.38,0.00720446,1
1505655551,21649913,43.38,10.34499554,1
1505655520,21649869,43.38,0.99064300,1
1505655517,21649862,43.40,4.79658340,0
1505655457,21649747,43.40,12.21831000,0
1505655453,21649735,43.38,19.71000000,0
1505655446,21649709,43.39,11.33371744,0
1505655441,21649683,43.39,0.38336714,0
1505655420,21649593,43.40,1.90391025,0
1505655416,21649590,43.16,1.01287661,1
1505655416,21649588,43.24,1.00000000,1
1505655416,21649587,43.24,1.91971577,1
1505655415,21649586,43.29,1.90939762,1
1505655415,21649584,43.40,1.90453907,0
1505655414,21649582,43.40,37.70483870,0
1505655414,21649581,43.39,1.19000000,1
1505655413,21649580,43.39,1.91327981,0
1505655413,21649579,43.37,1.90394214,0
1505655413,21649578,43.37,0.00983811,0
1505655413,21649577,43.37,1.00000000,0
1505655412,21649575,43.31,1.91658017,0
1505655412,21649573,43.27,0.12000000,0
1505655409,21649564,43.24,1.91971577,0
1505655389,21649481,43.20,5.25523187,0
1505655387,21649467,43.20,1.22986111,0
1505655374,21649439,43.20,1.91327981,0
1505655371,21649429,43.20,1.60162721,0
1505655371,21649428,43.19,0.01808279,0
1505655359,21649399,43.19,0.00983811,0
1505655356,21649380,43.19,0.11016189,0
1505655356,21649377,43.16,1.92350153,0
1505655356,21649375,43.12,0.00836151,0
1505655317,21649290,43.11,0.00046766,0
1505655317,21649289,43.11,0.29494168,0
1505655317,21649288,43.11,1.63000000,0
1505655280,21649210,43.09,0.12000000,0
1505655275,21649185,43.06,0.36854876,0
1505655275,21649183,43.06,1.55910569,0
1505655275,21649182,43.05,0.36000000,0
1505655274,21649180,43.05,0.00854876,0
1505655268,21649141,43.00,1.79000000,1
1505655266,21649134,43.01,4.07911000,1
1505655264,21649113,43.00,20.00000000,0
1505655264,21649112,43.00,3.50000000,0
1505655264,21649111,43.00,0.52000000,0
1505655264,21649109,43.00,34.19427707,0
1505655263,21649102,43.00,3.48837209,0
1505655262,21649095,43.00,22.35186046,0
1505655261,21649087,43.00,30.91116279,0
1505655260,21649075,42.99,2.12000000,0
1505655249,21649007,43.00,1.92202493,0
1505655247,21649004,43.00,57.07415000,0
1505655244,21648999,43.00,11.42651162,0
1505655243,21648996,42.97,2.31063700,0
1505655242,21648990,42.97,3.06936300,0
1505655239,21648968,42.97,2.31063700,0
1505655239,21648966,42.97,2.72401495,0
1505655194,21648878,42.94,1.92494168,0
1505655186,21648862,42.88,1.92765445,0
1505655185,21648855,42.72,7.76105000,0
1505655176,21648827,42.88,1.92350153,0
1505655150,21648759,42.86,1.92826453,0
1505655148,21648756,42.71,0.63866380,0
1505655147,21648751,42.71,1.93891500,0
1505655146,21648749,42.71,3.25289740,1
1505655146,21648748,42.71,1.93057380,1
1505655127,21648710,42.91,1.99697393,0
1505655125,21648706,42.93,0.29540934,1
1505655125,21648705,42.93,1.63000000,0
1505655123,21648696,43.00,35.00651162,0
1505655123,21648695,43.00,1.00000000,0
1505655122,21648694,42.99,8.15000000,1
1505655122,21648693,42.99,0.12000000,0
1505655122,21648688,42.98,0.81691880,0
1505655122,21648685,42.98,0.00000021,0
1505655122,21648683,42.98,1.11431921,0
1505655121,21648682,42.98,3.24878000,1
1505655121,21648678,42.97,1.93163157,0
1505655121,21648673,42.94,1.00608612,0
1505655120,21648671,42.94,0.92695381,0
1505655120,21648666,42.89,0.12000000,0
1505655120,21648663,42.88,1.94000000,0
1505655119,21648660,42.87,0.00885693,0
1505655119,21648655,42.86,1.73669561,0
1505655119,21648654,42.86,0.20000000,0
1505655119,21648651,42.85,1.34742100,0
1505655118,21648650,42.85,0.59000000,0
1505655118,21648648,42.81,1.93892022,0
1505655118,21648646,42.80,0.00000568,0
1505655117,21648642,42.80,1.93940828,0
1505655117,21648641,42.80,1.12243694,0
1505655117,21648639,42.79,0.00000568,0
1505655116,21648632,42.71,1.32376066,1
1505655116,21648631,42.72,1.93695934,1
1505655115,21648630,42.79,4.74965100,0
1505655113,21648620,42.79,3.00869085,0
1505655110,21648614,42.79,1.93163157,0
1505655109,21648611,42.79,0.00002090,1
1505655109,21648608,42.79,1.91793372,0
1505655105,21648601,42.80,1.11431921,0
1505655104,21648599,42.78,0.00349822,1
1505655104,21648598,42.79,4.99155178,1
1505655103,21648595,42.80,16.94676057,0
1505655103,21648594,42.80,1.93892022,0
1505655102,21648592,42.79,6.51844822,0
1505655102,21648590,42.79,4.99155178,0
1505655102,21648589,42.78,0.12045756,0
1505655102,21648587,42.78,1.82000000,0
1505655093,21648573,42.70,2.87994395,0
1505655086,21648549,42.74,1.00608612,1
1505655085,21648548,42.75,1.94167244,0
1505655085,21648547,42.75,0.97846225,0
1505655085,21648546,42.75,0.64465637,0
1505655084,21648545,42.75,0.31864084,0
1505655059,21648526,42.74,0.92695381,0
1505655044,21648519,42.66,0.00860911,0
1505655042,21648513,42.64,0.00826053,0
1505655041,21648510,42.63,6.92000000,0
1505655035,21648500,42.62,0.00058604,0
1505655035,21648497,42.62,1.93941396,1
1505655034,21648496,42.64,1.93846163,0
1505655034,21648495,42.63,0.00826053,0
1505655023,21648481,42.62,1.94718075,0
1505655019,21648473,42.62,1.93935574,1
1505655018,21648470,42.62,3.60160040,0
1505655018,21648469,42.62,3.60232977,0
1505655018,21648468,42.62,3.60230525,0
1505655016,21648463,42.61,3.60245800,0
1505655012,21648458,42.59,0.00000010,0
1505655010,21648449,42.59,1.94901718,0
1505655010,21648448,42.59,3.60422082,0
1505654968,21648399,42.52,20.69000000,1
1505654967,21648394,42.52,16.61994355,1
1505654934,21648347,42.51,1.94493000,1
1505654917,21648303,42.54,3.46254000,1
1505654915,21648289,42.51,1.94493000,0
1505654862,21648264,42.48,1.74555254,0
1505654817,21648246,42.30,0.20000000,1
1505654770,21648224,42.29,1.94493000,1
1505654486,21647931,42.57,1.94167244,0
1505654481,21647923,42.59,2.16088264,1
1505654481,21647921,42.58,1.94941844,0
1505654481,21647920,42.58,10.38120000,1
1505654481,21647919,42.58,1.20646000,1
1505654480,21647918,42.57,1.94564969,0
1505654480,21647917,42.57,0.00443504,0
1505654480,21647916,42.57,1.27507492,0
1505654480,21647915,42.57,0.00461635,0
1505654480,21647913,42.57,0.67041297,0
1505654479,21647910,42.56,0.20556496,0
1505654479,21647908,42.56,0.12153775,0
1505654479,21647907,42.48,1.94347916,0
1505654477,21647906,42.47,1.94810942,0
1505654477,21647905,42.47,1.00534366,0
1505654449,21647868,42.46,1.94672216,1
1505654425,21647847,42.47,0.44125264,0
1505654423,21647846,42.46,1.95487308,0
1505654396,21647838,42.45,1.94718075,0
1505654127,21647759,42.23,4.81580700,1
1505654127,21647758,42.27,0.00031050,1
1505654126,21647757,42.28,1.95487308,0
1505654125,21647756,42.28,1.94810942,1
1505653812,21647582,42.41,9.13143049,1
1505653598,21647448,42.27,35.17885025,1
1505653529,21647403,42.28,21.49000000,1
1505653529,21647402,42.28,6.97000000,1
1505653511,21647395,42.47,0.50000000,0
1505653408,21647358,42.28,29.29340370,1
1505653408,21647357,42.28,1.94659630,1
1505653284,21647298,42.30,1.94347916,1
1505653270,21647295,42.46,5.00023000,0
1505653208,21647263,42.55,0.12045756,0
1505653208,21647262,42.38,1.82000000,0
1505653201,21647248,42.41,1.94901728,0
1505653198,21647246,42.38,1.94564969,1
1505653194,21647244,42.41,47.74000000,1
1505653193,21647240,42.56,1.59294785,0
1505653193,21647237,42.56,0.03874972,0
1505653193,21647236,42.56,1.95039695,0
1505653193,21647235,42.56,82.69586600,1
1505653193,21647234,42.54,3.60183668,0
1505653193,21647232,42.54,3.59783138,0
1505653193,21647231,42.53,0.54000000,0
1505653192,21647230,42.50,2.77000000,0
1505653192,21647226,42.48,2.69000000,0
1505653192,21647225,42.43,1.10000000,0
1505653192,21647224,42.41,82.68309361,1
1505653190,21647223,42.41,1.97009257,0
1505653031,21647091,42.38,0.00443504,0
1505653029,21647090,42.24,1.10000000,0
1505652879,21646968,42.38,0.20556496,1
1505652866,21646965,42.38,1.10000000,1
1505652686,21646866,42.47,1.35603011,1
1505652686,21646865,42.47,0.59000000,0
1505652676,21646860,42.54,0.00465409,0
1505652676,21646859,42.53,1.82883575,0
1505652675,21646858,42.52,1.95212236,0
1505652675,21646857,42.52,3.61089796,0
1505652675,21646856,42.51,0.00019053,0
1505652675,21646855,42.51,0.27202451,0
1505652675,21646854,42.51,1.68048571,0
1505652674,21646853,42.50,7.66604702,0
1505652674,21646852,42.48,0.73000000,0
1505652674,21646851,42.48,3.66000000,0
1505652674,21646850,42.40,1.66199933,0
1505652672,21646849,42.20,10.84390066,0
1505652458,21646812,42.20,6.01058800,0
1505652447,21646808,42.20,3.14551134,1
1505652255,21646725,42.20,3.96534363,1
1505652255,21646723,42.20,0.64465637,1
1505651900,21646503,42.38,1.91158869,1
1505651844,21646486,42.20,0.65300000,1
1505651171,21646297,42.38,0.67587253,0
1505651171,21646296,42.37,1.96496212,0
1505651169,21646295,42.36,1.95939535,0
1505651157,21646289,42.36,0.00000030,1
1505651156,21646288,42.36,1.96869070,0
1505650978,21646173,42.12,1.97056030,1
1505650793,21646044,42.16,1.97384066,1
1505650666,21646010,42.13,1.97009257,1
1505650662,21646006,42.16,1.96607944,0
1505650654,21646003,42.38,0.30980755,0
1505650654,21646002,42.36,2.39427713,0
1505650654,21646001,42.36,1.22960152,0
1505650653,21646000,42.36,3.61110635,0
1505650653,21645999,42.35,0.00018698,0
1505650653,21645998,42.35,0.48394851,0
1505650653,21645997,42.34,1.96032120,1
1505650651,21645996,42.34,0.01098076,0
1505650583,21645972,42.04,0.02218782,1
1505650570,21645959,42.35,0.74594473,0
1505650570,21645958,42.35,2.38133755,0
1505650570,21645957,42.35,0.97420772,0
1505650569,21645955,42.28,1.95823255,0
1505650569,21645953,42.22,0.01232701,0
1505650567,21645950,42.22,1.93991670,0
1505650567,21645948,42.21,0.01232730,0
1505650567,21645947,42.21,1.95823300,0
1505650355,21645854,42.10,6.73166058,0
1505650355,21645853,42.10,11.53161600,0
1505650346,21645845,42.10,77.14813116,0
1505650346,21645844,42.09,3.28000000,0
1505650339,21645842,42.10,9.31621700,0
1505650339,21645841,42.10,6.78435200,0
1505650339,21645840,42.09,3.90000000,0
1505650319,21645829,42.10,23.72862700,0
1505650318,21645828,42.09,4.63000000,0
1505650146,21645757,42.09,2.72648100,0
1505650125,21645752,42.10,4.07700000,0
1505650125,21645751,42.09,6.02000000,0
1505650109,21645742,42.09,4.76079100,0
1505650090,21645710,42.10,8.03809000,0
1505650088,21645708,42.10,13.04886400,0
1505650088,21645707,42.09,8.04000000,0
1505650056,21645705,42.10,9.56000000,0
1505650055,21645704,42.10,9.56000000,0
1505650054,21645703,42.10,9.56000000,0
1505650053,21645702,42.09,1.21000000,1
1505650053,21645701,42.09,8.35000000,1
1505650040,21645698,42.09,5.13000000,1
1505650040,21645697,42.09,6.22000000,1
1505650031,21645694,42.09,13.49000000,0
1505650007,21645685,42.10,1.95823255,1
1505649895,21645664,42.01,0.02347635,0
1505649890,21645663,42.14,0.00837742,0
1505649888,21645661,42.35,0.25560539,0
1505649888,21645660,42.35,0.64778791,0
1505649888,21645659,42.35,1.74373765,0
1505649888,21645658,42.33,0.27202451,0
1505649887,21645657,42.32,1.13716691,1
1505649887,21645656,42.32,1.96124763,1
1505649692,21645615,41.98,1.97713196,1
1505649684,21645611,41.97,1.97760304,0
1505649682,21645610,42.33,0.00019053,1
1505649680,21645608,42.33,0.27202451,1
1505649673,21645606,42.33,1.68048571,0
1505649670,21645605,41.97,0.00704274,0
1505649453,21645539,41.91,1.98043426,1
1505649446,21645533,42.35,5.29714828,1
1505649446,21645532,42.35,3.52000000,1
1505649446,21645531,42.32,0.00065363,0
1505649446,21645530,42.32,3.62431727,0
1505649445,21645529,42.30,2.74000000,1
1505649445,21645527,42.29,1.96299959,0
1505649445,21645525,42.28,17.60000000,0
1505649445,21645523,42.22,3.52000000,0
1505649444,21645521,42.16,14.38552245,0
1505649444,21645518,42.15,1.97056030,1
1505649442,21645515,42.12,2.80000000,0
1505648831,21645062,41.90,1.98090692,1
1505648829,21645055,41.90,0.89594400,1
1505648829,21645054,41.91,0.79594121,1
1505648703,21644965,41.91,1.17649225,1
1505648703,21644964,42.00,0.52000000,1
1505648565,21644897,42.18,3.99157476,0
1505648565,21644896,42.02,0.00842524,0
1505648501,21644844,41.98,1.97713196,1
1505648477,21644840,42.20,41.72796185,1
1505648475,21644836,42.20,8.27203768,1
1505648474,21644834,42.24,2.03317536,0
1505648474,21644833,42.23,1.96682464,0
1505648299,21644663,41.98,0.00516713,0
1505648131,21644535,42.19,5.76890284,1
1505648131,21644532,42.18,12.67000000,1
1505648130,21644530,42.16,1.97196483,0
1505648130,21644528,42.16,1.97243346,1
1505648130,21644526,42.10,0.66721376,0
1505648128,21644522,42.08,0.00000500,0
1505648068,21644501,42.08,19.70999500,0
1505648027,21644483,41.91,1.98043426,0
1505648024,21644479,42.09,1.25609564,0
1505647929,21644394,42.07,1.96299959,0
1505647887,21644361,42.07,4.88085700,0
1505647824,21644345,41.94,8.57066250,1
1505647808,21644330,42.07,0.59003500,0
1505647739,21644301,42.09,1.72293200,0
1505647706,21644298,42.04,12.20137800,1
1505647704,21644297,42.04,6.61238200,0
1505647648,21644281,42.02,10.40208100,1
1505647648,21644280,42.02,19.71000000,0
1505647627,21644269,42.05,17.23900000,0
1505647623,21644268,42.06,8.24457100,0
1505647561,21644256,42.06,3.89328700,0
1505647550,21644253,42.06,0.61804100,0
1505647548,21644250,42.06,0.72994938,0
1505647548,21644249,42.06,1.26525062,0
1505647543,21644248,42.06,0.71423900,0
1505647526,21644219,41.86,19.10354400,0
1505647525,21644217,41.86,5.32487500,0
1505647525,21644215,41.86,12.50758300,0
1505647525,21644213,41.86,39.94000000,0
1505647525,21644212,41.86,20.57305200,0
1505647525,21644210,41.86,59.97332600,0
1505647524,21644194,41.86,84.93138500,0
1505647523,21644192,41.85,0.00000500,0
1505647523,21644189,41.85,21.73999500,0
1505647492,21644170,41.85,1.00000000,1
1505647488,21644169,41.86,3.76487800,0
1505647478,21644166,41.86,3.88105000,0
1505647349,21644066,41.80,2.99043062,1
1505647326,21644020,41.96,2.98685782,1
1505647325,21644018,41.96,2.97902764,0
1505647324,21644016,42.10,1.65744500,0
1505647324,21644014,41.97,0.66721400,0
1505647323,21644006,41.97,2.33326607,0
1505647323,21644003,41.96,0.66720893,0
1505647322,21643999,41.96,2.32465320,0
1505647322,21643998,41.95,0.00000580,0
1505647210,21643908,41.95,2.98899467,0
1505647210,21643907,41.94,0.00000580,0
1505647087,21643862,41.94,1.98044800,0
1505646978,21643776,41.77,2.99257840,1
1505646977,21643775,41.94,0.99999445,1
1505646975,21643772,41.94,0.00000555,0
1505646966,21643770,41.94,2.98328800,0
1505646941,21643757,41.72,5.73690086,0
1505646941,21643756,41.72,14.33000000,0
1505646940,21643755,41.71,2.99688324,1
1505646939,21643754,41.90,43.08581700,1
1505646923,21643752,41.90,6.91418300,1
1505646876,21643740,41.68,2.99904030,1
1505646783,21643710,41.65,16.10638063,0
1505646782,21643709,41.65,12.68741862,0
1505646782,21643707,41.67,2.76000000,0
1505646782,21643706,41.67,39.21651993,1
1505646781,21643705,41.68,5.36682875,0
1505646780,21643703,41.68,0.86285207,1
1505646769,21643699,41.66,2.00048007,0
1505646769,21643698,41.72,1.00000000,1
1505646753,21643677,41.66,0.08247928,0
1505646753,21643676,41.54,22.80456865,0
1505646753,21643672,41.63,19.71000000,1
1505646753,21643671,41.63,3.50844428,0
1505646751,21643667,41.64,1.72353313,1
1505646518,21643537,41.66,0.42463274,0
1505646518,21643536,41.65,0.50462526,0
1505646479,21643499,41.65,0.00195700,0
1505646479,21643498,41.57,2.79438300,0
1505646477,21643494,41.57,0.21259318,1
1505646473,21643489,41.64,0.25269818,1
1505646449,21643430,41.66,0.00197026,1
1505646449,21643429,41.67,2.74725274,1
1505646449,21643424,41.70,0.02164697,1
1505646449,21643422,41.70,0.63191640,1
1505646365,21643325,41.72,2.30219151,0
1505646364,21643324,41.72,0.20000000,0
1505646362,21643323,41.72,0.49397339,1
1505646359,21643320,41.72,2.99616490,1
1505646217,21643227,41.72,2.75647171,1
1505646215,21643225,41.94,2.75647171,1
1505646214,21643218,41.72,8.14679489,0
1505646213,21643217,41.72,3.94000000,0
1505646213,21643216,41.77,3.65650309,1
1505646213,21643215,41.82,2.73679200,1
1505646213,21643214,41.82,4.88800000,0
1505646212,21643213,41.83,2.73614108,1
1505646212,21643212,41.83,0.00195415,1
1505646212,21643211,41.84,2.73614085,1
1505646212,21643210,41.84,2.73614085,1
1505646212,21643207,41.84,2.73744346,1
1505646211,21643205,41.87,2.73614100,1
1505646211,21643204,41.87,0.01242492,1
1505646211,21643203,41.88,3.94000000,1
1505646211,21643202,41.93,19.69000000,1
1505646210,21643201,41.94,27.49000000,0
1505646209,21643200,41.94,10.81252371,1
1505645980,21643138,42.06,2.73614100,0
1505645966,21643134,42.06,0.01242492,0
1505645965,21643133,42.04,2.73614108,0
1505645962,21643132,42.04,0.00195415,0
1505645962,21643131,42.03,2.73614085,0
1505645921,21643115,41.85,2.74790919,1
1505645919,21643114,42.03,2.74790919,1
1505645897,21643112,42.03,2.73614085,1
1505645896,21643111,42.03,2.73744346,0
1505645887,21643109,41.86,2.74725274,1
1505645875,21643108,42.02,2.73679200,1
1505645873,21643107,42.02,2.74725274,1
1505645845,21643088,42.01,2.00000000,1
1505645711,21643007,42.01,2.74856596,1
1505645699,21643000,41.83,2.74922304,1
1505645698,21642999,41.96,25.29922669,0
1505645698,21642998,41.96,0.00018698,1
1505645651,21642974,42.10,0.22915567,0
1505645621,21642928,41.98,3.65650309,1
1505645619,21642905,42.08,0.23900120,1
1505645619,21642903,42.10,0.68045418,1
1505645619,21642901,42.11,0.00065363,1
1505645604,21642817,42.11,3.62431727,1
1505645589,21642801,42.11,1.61118610,1
1505645589,21642800,42.11,1.61118610,1
1505645586,21642797,42.15,1.22989324,1
1505645584,21642792,42.17,2.39427713,1
1505645584,21642790,42.16,1.22960152,0
1505645583,21642789,42.15,2.38133755,1
1505645583,21642787,42.16,1.22981311,1
1505645573,21642775,42.16,0.64778791,1
1505645572,21642772,42.16,1.74373765,1
1505645570,21642770,42.17,3.61110635,1
1505645570,21642769,42.19,0.00461635,1
1505645570,21642768,42.20,3.61141777,1
1505645496,21642710,42.19,3.60649000,1
1505645481,21642698,42.43,3.60160040,1
1505645475,21642697,42.47,0.56817226,0
1505645475,21642696,42.47,3.03000000,0
1505645415,21642662,42.42,10.00000000,0
1505645411,21642658,42.43,3.59853735,0
1505645347,21642638,42.36,3.60245821,0
1505645322,21642621,42.38,3.60232977,0
1505645316,21642620,42.28,3.60422082,0
1505645302,21642615,42.29,3.60230525,0
1505645301,21642614,42.29,1.76238326,1
1505645290,21642611,42.30,3.61089796,0
1505645288,21642610,42.31,0.53118083,1
1505645275,21642601,42.31,1.74088000,1
1505645257,21642597,42.31,2.88175314,1
1505645257,21642596,42.31,3.39822686,1
1505645256,21642595,42.31,1.75205000,1
1505645174,21642556,42.33,1.15123972,1
1505645136,21642543,42.34,3.60183668,1
1505645133,21642542,42.35,3.60248547,1
1505645087,21642517,42.40,4.00000000,1
1505645043,21642497,42.40,4.00000000,1
1505645035,21642494,42.43,1.00597000,0
1505645013,21642490,42.52,3.59327582,0
1505645011,21642489,42.39,11.24539435,0
1505644978,21642462,42.37,2.31578139,1
1505644955,21642428,42.52,0.24357739,0
1505644955,21642425,42.52,3.34707400,0
1505644955,21642423,42.52,18.11775900,1
1505644954,21642419,42.52,5.36224100,1
1505644954,21642413,42.53,11.33203700,1
1505644954,21642411,42.53,7.23601100,1
1505644954,21642410,42.53,16.24398900,1
1505644953,21642402,42.53,3.56720268,1
1505644953,21642399,42.54,13.92966770,1
1505644953,21642396,42.54,7.53516600,1
1505644708,21642315,42.68,3.50562451,1
1505644619,21642294,42.69,1.00236000,0
1505644569,21642260,42.67,0.93851942,0
1505644536,21642245,42.64,1.32242355,1
1505644515,21642235,42.66,1.00000000,0
1505644511,21642231,42.65,3.58229001,1
1505644429,21642199,42.72,35.99741800,1
1505644411,21642197,42.72,2.00000000,1
1505644407,21642190,42.72,2.00000000,1
1505644403,21642187,42.72,3.44000000,1
1505644402,21642186,42.72,2.00000000,1
1505644402,21642185,42.72,3.44000000,1
1505644401,21642184,42.72,3.44000000,1
1505644401,21642183,42.72,3.44000000,1
1505644400,21642182,42.72,3.44000000,1
1505644400,21642180,42.72,2.00000000,1
1505644399,21642177,42.72,3.44000000,1
1505644398,21642171,42.72,3.44000000,1
1505644397,21642169,42.72,3.44000000,1
1505644396,21642167,42.75,3.43953216,0
1505644396,21642166,42.72,2.00000000,1
1505644393,21642163,42.72,8.83354000,1
1505644390,21642157,42.72,2.97281000,1
1505644389,21642154,42.72,2.00000000,1
1505644383,21642126,42.72,2.00000000,1
1505644378,21642124,42.72,2.00000000,1
1505644340,21642107,42.72,2.00000000,1
1505644290,21642077,42.73,4.97824900,1
1505644283,21642070,42.72,4.67623200,1
1505644283,21642069,42.73,19.03000000,1
1505644279,21642068,42.73,29.16959100,1
1505644264,21642046,42.72,2.00000000,1
1505644252,21642042,42.64,2.25000000,1
1505644110,21641946,42.85,3.56644156,0
1505644108,21641945,42.84,0.47918430,0
1505644108,21641944,42.73,0.00221875,0
1505644108,21641943,42.73,0.35306012,0
1505644108,21641942,42.73,3.23354269,0
1505644106,21641937,42.72,0.93222414,0
1505643724,21641663,42.70,3.57664252,0
1505643723,21641662,42.52,0.93222414,0
1505643722,21641661,42.52,0.00221875,1
1505643656,21641601,42.53,2.88693988,1
1505643656,21641600,42.53,0.35306012,1
1505643642,21641590,42.71,3.57584090,0
1505643641,21641589,42.53,3.24000000,0
1505643598,21641462,42.52,3.57000000,1
1505643240,21641088,42.56,47.25000000,1
1505643151,21641042,42.86,3.56525270,1
1505643110,21641023,42.53,2.98989638,1
1505643110,21641022,42.77,0.01010362,1
1505643109,21641021,42.87,1.57413573,1
1505643109,21641020,42.87,1.99000000,0
1505643106,21641019,42.53,0.50000000,0
1505642991,21640931,42.50,3.58000000,1
1505642978,21640922,42.50,0.61000000,1
1505642972,21640889,42.71,0.58984810,0
1505642729,21640697,42.48,3.56290161,1
1505642699,21640661,42.83,1.10131929,1
1505642699,21640660,42.83,2.45861999,0
1505642694,21640659,42.71,1.36772989,0
1505642694,21640658,42.64,2.19871167,0
1505642693,21640657,42.72,3.12279641,1
1505642683,21640656,42.61,7.20112781,0
1505642683,21640655,42.61,13.79887219,0
1505642636,21640592,42.45,1.97000000,1
1505642599,21640510,42.56,19.71000000,0
1505642598,21640503,42.54,17.84000000,1
1505642571,21640438,42.59,11.02747124,0
1505642567,21640414,42.54,1.87000000,1
1505642565,21640410,42.55,18.92809126,1
1505642562,21640400,42.54,19.71000000,1
1505642448,21640242,42.33,0.00000040,0
1505642447,21640233,42.33,2.99999960,0
1505642436,21640205,42.35,17.72000000,1
1505642414,21640157,42.45,10.00000000,0
1505642412,21640152,42.31,19.18000000,0
1505642380,21640120,42.45,4.99976454,0
1505642376,21640114,42.47,0.00023546,1
1505642370,21640110,42.47,4.99976454,1
1505642304,21640081,42.49,1.66542522,1
1505642296,21640067,42.49,1.12664000,1
1505642295,21640066,42.49,2.33193306,1
1505642295,21640065,42.49,0.60306694,1
1505642294,21640064,42.49,5.43158705,1
1505642294,21640063,42.49,0.73940295,1
1505642291,21640062,42.49,2.20663910,1
1505642291,21640060,42.71,0.56611090,1
1505642283,21640056,42.72,0.13826931,0
1505642237,21639997,42.49,2.17443410,1
1505642236,21639995,42.51,0.59831590,1
1505642236,21639992,42.51,2.40855688,1
1505642236,21639991,42.52,0.59144312,1
1505642234,21639986,42.72,44.60827675,1
1505642233,21639985,42.72,3.00000000,0
1505642231,21639979,42.55,0.00174263,0
1505642230,21639976,42.52,3.00000000,1
1505642227,21639967,42.55,2.94606310,0
1505642222,21639950,42.55,2.14167921,0
1505642219,21639943,42.55,0.63051506,0
1505642218,21639939,42.71,2.98892970,1
1505642215,21639930,42.51,0.58787779,0
1505642213,21639925,42.51,16.23000000,0
1505642212,21639922,42.51,4.20000000,1
1505642212,21639919,42.54,0.00070609,1
1505642212,21639911,42.54,3.80629996,1
1505642211,21639897,42.54,0.17299395,1
1505642210,21639895,42.54,1.20435558,1
1505642210,21639894,42.54,3.69372881,1
1505642210,21639892,42.55,3.94523166,1
1505642209,21639881,42.55,5.06476834,1
1505642205,21639864,42.55,0.99000000,1
1505642175,21639819,42.81,3.56848813,0
1505642167,21639797,42.66,3.57696480,1
1505642155,21639749,42.64,14.41123362,1
1505642155,21639747,42.65,0.00011723,1
1505642155,21639746,42.65,23.09988277,1
1505642139,21639711,42.67,3.82947616,1
1505642139,21639709,42.67,26.61000000,1
1505642139,21639708,42.67,3.56852384,1
1505642134,21639677,42.89,2.70859538,0
1505642131,21639656,42.81,1.32258818,1
1505642131,21639654,42.81,5.67741168,1
1505642130,21639652,42.81,2.79200200,1
1505642121,21639621,42.81,4.00547536,1
1505642121,21639619,42.81,0.61452464,1
1505642110,21639574,42.81,4.62000000,1
1505642059,21639453,42.95,3.55047798,1
1505642041,21639424,42.92,1.80993278,1
1505642038,21639418,42.92,0.39222667,0
1505642038,21639416,42.92,1.44516000,0
1505642038,21639413,42.92,0.00000556,0
1505642037,21639411,42.90,0.87066927,0
1505642035,21639407,42.90,1.86530910,0
1505642035,21639406,42.90,0.84261630,0
1505642018,21639341,42.88,3.55424084,0
1505642013,21639324,42.81,2.70616000,0
1505642008,21639310,42.88,1.99246207,0
1505642005,21639307,42.88,1.19137839,0
1505642005,21639306,42.88,0.82595561,0
1505642004,21639305,42.81,0.00073928,0
1505642004,21639304,42.81,0.22189873,0
1505642004,21639299,42.77,0.20245100,0
1505642003,21639297,42.77,1.02754900,1
1505642003,21639296,42.77,2.56209600,1
1505642002,21639295,42.79,3.58790400,1
1505642002,21639293,42.81,0.14603189,0
1505642002,21639292,42.81,2.50535653,0
1505642002,21639290,42.81,0.93289727,0
1505642002,21639289,42.79,0.98056903,0
1505642002,21639288,42.79,0.00008826,0
1505642002,21639287,42.79,1.10748189,0
1505642001,21639286,42.79,1.49977000,0
1505642001,21639285,42.78,0.00000513,0
1505642001,21639284,42.78,3.58872600,0
1505642000,21639281,42.71,0.18796899,1
1505642000,21639280,42.72,1.48080842,1
1505642000,21639279,42.73,1.83122259,1
1505641999,21639276,42.77,0.01833014,0
1505641999,21639275,42.76,0.68040795,0
1505641997,21639268,42.72,1.48080842,0
1505641996,21639265,42.72,2.11235955,0
1505641995,21639261,42.71,19.71000000,0
1505641995,21639260,42.71,0.01772133,0
1505641992,21639250,42.54,0.28919623,0
1505641991,21639244,42.54,3.69372881,0
1505641990,21639236,42.54,1.98939980,0
1505641990,21639235,42.54,2.38767516,0
1505641933,21639094,42.65,2.16483001,0
