date,tid,price,amount,type
1505692836,21687764,50.43,18.24000000,1
1505692836,21687763,50.44,3.65000000,1
1505692710,21687704,50.69,0.12000000,0
1505692575,21687642,50.30,1.65009940,1
1505692572,21687639,50.31,1.64977097,0
1505692562,21687625,50.65,16.33000000,0
1505692562,21687624,50.59,0.00000044,0
1505692562,21687623,50.31,0.00913141,0
1505692561,21687622,50.30,1.65009940,1
1505692560,21687619,50.20,0.76631243,1
1505692560,21687618,50.20,1.64323896,1
1505692559,21687617,50.25,1.64291369,1
1505692559,21687616,50.26,0.00000040,1
1505692559,21687615,50.26,1.65009900,1
1505692559,21687614,50.27,1.64161392,1
1505692559,21687613,50.30,2.67582160,1
1505692556,21687606,50.34,130.35861115,1
1505692556,21687605,50.34,37.30100000,0
1505692555,21687602,50.40,1.66000000,1
1505692555,21687600,50.41,21.34500000,0
1505692554,21687598,50.52,9.77740788,0
1505692543,21687585,50.51,4.54800000,1
1505692534,21687575,50.47,6.42000000,1
1505692531,21687570,50.59,1.64064000,0
1505692526,21687567,50.47,4.59000000,1
1505692526,21687566,50.53,2.58000000,1
1505692525,21687562,50.47,1.64454131,1
1505692522,21687558,50.59,6.09100000,0
1505692484,21687523,50.47,14.76900000,1
1505692475,21687519,50.47,6.74000000,1
1505692466,21687510,50.30,0.16417840,1
1505692466,21687509,50.32,1.64519326,1
1505692466,21687508,50.34,1.63902053,1
1505692466,21687507,50.34,1.64226355,1
1505692466,21687506,50.38,1.63934426,1
1505692457,21687499,50.67,1.63934426,0
1505692457,21687497,50.66,1.63902053,0
1505692456,21687494,50.44,6.33400000,1
1505692396,21687458,50.40,6.06100000,1
1505692394,21687457,50.40,1.64682539,1
1505692384,21687438,50.63,15.40000000,0
1505692363,21687423,50.63,1.64226355,0
1505692363,21687421,50.62,1.09640788,0
1505692363,21687420,50.36,0.00359212,0
1505692361,21687418,50.34,1.64878823,1
1505692354,21687401,50.54,1.64813343,1
1505692352,21687398,50.65,2.75000000,0
1505692350,21687396,50.65,0.87545869,0
1505692350,21687395,50.65,1.64454131,0
1505692347,21687392,50.64,2.59000000,0
1505692336,21687387,50.47,1.64944356,1
1505692290,21687350,50.46,0.36400000,1
1505692285,21687347,50.46,1.64486722,1
1505692283,21687343,50.62,1.64519326,0
1505692280,21687340,50.32,1.53078571,0
1505692272,21687338,50.32,1.52458111,1
1505692271,21687337,50.39,0.00000011,1
1505692271,21687336,50.39,1.63966800,1
1505692271,21687334,50.40,0.00000039,1
1505692271,21687333,50.40,1.64682500,1
1505692271,21687332,50.41,1.63740382,1
1505692271,21687331,50.42,0.23752157,1
1505692270,21687330,50.58,1.10000000,1
1505692269,21687328,50.80,4.20053795,0
1505692269,21687326,50.80,0.00000056,0
1505692269,21687325,50.70,0.84817467,0
1505692268,21687324,50.69,1.63740382,0
1505692258,21687319,50.57,5.44000000,1
1505692254,21687318,50.69,1.10000000,0
1505692249,21687315,50.57,5.94000000,1
1505692241,21687314,50.42,0.84817467,1
1505692241,21687313,50.45,4.01582533,1
1505692233,21687309,50.50,10.99300000,1
1505692211,21687287,50.53,41.76289979,1
1505692210,21687285,50.52,1.64356435,1
1505692209,21687284,50.61,47.44300000,1
1505692197,21687278,50.62,12.00000000,1
1505692196,21687275,50.80,2.79461950,0
1505692196,21687273,50.68,0.00000039,0
1505692196,21687271,50.67,0.00000011,0
1505692177,21687238,50.67,1.63966800,0
1505692129,21687214,50.61,13.20000000,0
1505692121,21687210,50.61,1.10000000,0
1505692117,21687207,50.61,1.64000000,0
1505692117,21687206,50.61,12.66000000,0
1505692087,21687157,50.60,50.43000000,1
1505692078,21687149,50.61,1.10000000,0
1505692073,21687141,50.61,1.64323900,0
1505692070,21687131,50.61,13.75676100,0
1505692055,21687118,50.61,1.64323896,0
1505692002,21687068,50.68,1.64682500,0
1505692001,21687067,50.62,15.40000000,0
1505691990,21687059,50.57,1.10000000,1
1505691946,21686999,50.51,5.45034947,1
1505691882,21686962,50.45,1.71009000,0
1505691881,21686959,50.46,0.61765000,0
1505691873,21686954,50.46,4.18213800,0
1505691855,21686946,50.61,7.17798400,0
1505691840,21686944,50.41,1.68200000,1
1505691840,21686943,50.44,38.97800000,1
1505691838,21686942,50.45,14.34000000,1
1505691675,21686884,50.66,1.09324100,0
1505691638,21686862,50.85,1.62341081,0
1505691635,21686860,50.84,1.62280979,0
1505691598,21686748,50.58,13.89990060,0
1505691598,21686747,50.58,0.00000040,0
1505691593,21686743,50.58,1.65009900,0
1505691343,21686554,50.28,1.65075576,1
1505691303,21686543,50.29,1.65075576,1
1505691261,21686535,50.35,155.00000000,1
1505691235,21686527,50.33,1.64911583,1
1505691234,21686526,50.33,8.48665780,1
1505691234,21686525,50.37,1.64846077,1
1505691233,21686524,50.37,1.64128930,1
1505691233,21686523,50.38,2.94000000,1
1505691233,21686522,50.38,14.71000000,1
1505691233,21686521,50.45,20.00800000,1
1505691231,21686520,50.46,15.56559213,1
1505691164,21686514,50.70,4.21438036,1
1505691164,21686513,50.70,4.00000000,0
1505691164,21686512,50.69,1.64846077,0
1505691163,21686511,50.68,3.14000000,0
1505691163,21686509,50.68,1.64128930,0
1505691163,21686508,50.52,12.10586957,0
1505691162,21686507,50.52,3.61413043,0
1505691157,21686502,50.34,1.64878823,1
1505691137,21686497,50.57,2.00000000,0
1505691119,21686491,50.58,13.00000000,0
1505691058,21686445,50.34,1.64878823,1
1505691056,21686444,50.33,118.72530633,1
1505691055,21686443,50.43,1.00000000,1
1505691055,21686442,50.46,1.63579030,1
1505691055,21686441,50.46,16.18014233,1
1505691055,21686440,50.48,2.87000000,1
1505691055,21686439,50.48,14.35000000,1
1505691054,21686438,50.51,25.23876104,1
1505690971,21686409,50.52,1.64291369,1
1505690970,21686406,50.71,1.00000000,0
1505690964,21686404,50.51,1.64323896,1
1505690762,21686295,50.74,14.21344107,0
1505690730,21686270,50.52,0.00038383,1
1505690730,21686268,50.54,164.95661617,0
1505690728,21686267,50.54,35.04300000,1
1505690684,21686248,50.60,3.37000000,0
1505690682,21686244,50.61,15.11000000,1
1505690681,21686243,50.47,66.95138825,1
1505690681,21686242,50.61,5.71890973,1
1505690680,21686241,50.63,23.56414208,0
1505690680,21686240,50.63,3.76555994,1
1505690671,21686236,50.47,79.29387035,1
1505690671,21686235,50.56,1.63000000,1
1505690671,21686234,50.56,13.75838608,1
1505690670,21686233,50.61,3.41502365,0
1505690669,21686232,50.61,1.90271992,1
1505690663,21686229,50.56,1.64161392,1
1505690655,21686221,50.76,18.00984420,1
1505690614,21686198,50.46,1.64486722,1
1505690613,21686195,50.46,3.62293751,0
1505690612,21686194,50.53,1.10000000,1
1505690612,21686193,50.62,1.50701230,1
1505690612,21686192,50.63,31.23000000,1
1505690612,21686191,50.73,21.44005019,1
1505690610,21686190,50.74,1.10000000,1
1505690600,21686185,50.81,1.10000000,0
1505690598,21686183,50.74,1.63579030,1
1505690593,21686177,50.47,1.64454131,0
1505690592,21686176,50.46,10.17499045,1
1505690592,21686175,50.46,3.07000000,0
1505690592,21686174,50.46,1.10000000,0
1505690591,21686173,50.57,1.63225172,1
1505690591,21686172,50.57,0.00893860,1
1505690591,21686171,50.57,1.62331312,1
1505690591,21686170,50.63,0.74955250,1
1505690591,21686169,50.63,0.00911960,1
1505690591,21686167,50.63,0.00622979,1
1505690590,21686166,50.63,0.01207064,1
1505690590,21686165,50.63,0.85335549,1
1505690590,21686164,50.63,15.35000000,0
1505690590,21686163,50.69,0.01752352,1
1505690590,21686161,50.69,1.61088534,1
1505690589,21686158,50.74,0.00906145,1
1505690589,21686157,50.74,0.00843113,1
1505690589,21686156,50.74,1.60900163,1
1505690589,21686154,50.78,0.00960425,1
1505690589,21686153,50.78,1.61529786,1
1505690589,21686152,50.79,3.39000000,1
1505690588,21686151,50.80,3.64569783,1
1505690588,21686150,50.80,1.38915026,1
1505690588,21686149,50.80,0.23575185,1
1505690588,21686148,50.81,0.58099906,1
1505690588,21686147,50.81,1.04358500,1
1505690587,21686146,50.82,0.00980132,1
1505690587,21686145,50.82,1.61446482,1
1505690587,21686144,50.82,0.01059190,1
1505690587,21686143,50.82,1.61335644,1
1505690587,21686142,50.87,46.99697443,1
1505690582,21686140,50.87,10.81302557,1
1505690582,21686139,50.90,64.23466043,1
1505690582,21686138,50.94,1.10000000,1
1505690578,21686136,50.91,40.90000000,1
1505690578,21686135,50.93,16.91000000,1
1505690573,21686134,50.90,100.00000000,1
1505690573,21686133,50.91,18.70000000,1
1505690573,21686132,50.93,99.29819375,1
1505690573,21686131,50.95,48.82489510,1
1505690564,21686129,50.95,9.37530300,1
1505690561,21686124,50.96,1.10000000,1
1505690538,21686111,50.95,25.00000000,1
1505690534,21686109,50.95,0.34563500,1
1505690527,21686102,50.95,8.00000000,1
1505690454,21686071,50.95,7.96349800,1
1505690448,21686065,50.97,3.00000000,1
1505690448,21686064,50.97,11.14000000,1
1505690448,21686063,50.97,1.25433100,1
1505690442,21686061,50.97,2.99566900,1
1505690442,21686060,50.97,0.00912400,1
1505690441,21686059,50.97,11.13635200,1
1505690433,21686056,50.97,3.08452400,1
1505690433,21686055,50.97,1.17460000,1
1505690428,21686049,50.97,14.22540000,1
1505690396,21686040,50.98,1.10000000,1
1505690373,21686032,50.96,5.71235100,1
1505690251,21685977,50.92,11.82101000,1
1505690221,21685907,51.06,1.90000000,0
1505690220,21685901,51.06,1.90000000,0
1505690214,21685887,50.91,0.13870246,1
1505690214,21685886,50.92,55.88494354,1
1505690010,21685834,50.85,1.63225172,1
1505690007,21685833,50.85,0.00893860,0
1505689999,21685831,50.91,0.74955250,0
1505689993,21685829,50.91,0.73936892,1
1505689993,21685828,50.94,0.01890454,1
1505689993,21685827,50.94,1.60155621,1
1505689960,21685797,50.98,4.84720000,1
1505689959,21685796,50.98,1.61082900,1
1505689955,21685794,50.97,0.01752352,0
1505689953,21685793,50.97,0.01007198,1
1505689952,21685792,50.97,1.60880845,1
1505689951,21685791,51.03,0.00906145,0
1505689949,21685789,51.03,0.00018563,1
1505689949,21685788,51.04,0.32026512,1
1505689948,21685787,51.04,0.01258268,1
1505689948,21685786,51.04,1.28445539,1
1505689932,21685781,51.07,1.61624655,1
1505689932,21685780,51.08,0.00000030,1
1505689925,21685778,51.09,1.61505544,1
1505689920,21685774,51.09,1.61416522,1
1505689920,21685773,51.10,0.44050452,1
1505689920,21685771,51.10,1.16500100,1
1505689859,21685742,51.24,1.61118360,0
1505689851,21685737,51.12,1.60946752,0
1505689800,21685711,51.08,1.60664200,1
1505689787,21685692,51.26,1.61053886,0
1505689782,21685682,51.27,1.60971743,0
1505689778,21685677,51.28,1.60933085,0
1505689777,21685666,51.06,0.01877546,1
1505689777,21685664,51.06,1.59632475,1
1505689775,21685647,51.08,3.64399300,1
1505689770,21685640,51.33,1.60792413,0
1505689739,21685622,51.08,1.38915026,1
1505689738,21685621,51.08,0.23575185,1
1505689734,21685618,51.08,0.02424815,1
1505689734,21685617,51.08,1.10993885,1
1505689729,21685598,51.11,0.01059190,0
1505689705,21685571,51.09,20.31600000,1
1505689680,21685549,51.15,1.60602361,0
1505689679,21685548,51.44,2.00190513,1
1505689679,21685547,51.44,10.05000000,1
1505689679,21685544,51.40,1.61441045,0
1505689679,21685543,51.40,1.03386408,0
1505689679,21685541,51.40,0.58099906,0
1505689678,21685538,51.40,1.61168371,0
1505689678,21685537,51.38,1.61401853,0
1505689678,21685536,51.37,1.61593020,0
1505689677,21685535,51.36,1.10993885,0
1505689677,21685533,51.30,50.00000000,0
1505689677,21685532,51.16,2.39000000,0
1505689676,21685529,51.11,23.65529055,0
1505689672,21685522,51.11,26.63470945,0
1505689672,21685521,51.09,11.94000000,0
1505689672,21685520,51.09,1.10000000,0
1505689670,21685518,51.08,67.82013122,0
1505689578,21685449,51.07,1.10000000,1
1505689556,21685431,51.07,1.61441045,1
1505689555,21685430,51.08,0.12000000,0
1505689553,21685426,51.09,1.03386408,1
1505689551,21685424,51.10,1.61401853,1
1505689498,21685402,51.28,1.60867043,0
1505689496,21685397,51.09,1.04358500,0
1505689488,21685391,51.15,1.61308191,0
1505689486,21685388,51.08,0.50704926,1
1505689486,21685386,51.09,1.61593020,0
1505689485,21685385,51.09,1.61459264,1
1505689483,21685383,51.11,0.02739488,1
1505689483,21685382,51.11,1.58770533,1
1505689483,21685381,51.11,0.00906306,1
1505689483,21685380,51.11,1.60603715,1
1505689481,21685379,51.12,1.61168371,1
1505689387,21685365,51.18,57.34000000,1
1505689387,21685364,51.19,54.10000000,1
1505689387,21685363,51.19,20.00000000,1
1505689387,21685362,51.20,18.56000000,1
1505689084,21685322,51.35,1.10000000,0
1505688700,21685231,51.25,0.16000000,0
1505688472,21685137,51.23,1.00000000,0
1505688308,21685054,51.13,1.62331312,1
1505688305,21685053,51.21,25.19994653,0
1505688305,21685052,51.21,0.51156157,1
1505688304,21685051,51.21,1.10040191,1
1505688304,21685050,51.22,0.01543707,1
1505688304,21685049,51.22,1.57730887,1
1505688294,21685035,51.27,1.59269101,1
1505688294,21685034,51.27,0.00869814,1
1505688293,21685033,51.27,1.60138915,1
1505688293,21685032,51.27,0.00041292,1
1505688293,21685031,51.27,0.50992802,1
1505688239,21685018,51.34,0.84000000,0
1505688239,21685017,51.33,1.60262600,0
1505688222,21685016,51.31,4.82527000,0
1505688222,21685013,51.31,0.00843113,0
1505688198,21684969,51.27,0.01007198,1
1505688191,21684967,51.31,0.01834452,1
1505688191,21684966,51.31,1.59030877,1
1505688191,21684964,51.33,1.10000000,0
1505688188,21684962,51.33,0.77973488,1
1505688184,21684959,51.34,0.00066368,1
1505688181,21684955,51.34,1.60673939,1
1505688173,21684936,51.32,0.32026512,0
1505688165,21684921,51.32,0.31086584,1
1505688164,21684920,51.32,0.01139131,1
1505688164,21684918,51.32,1.59713582,1
1505688164,21684917,51.33,0.00006478,1
1505688164,21684916,51.34,0.00066225,1
1505688164,21684914,51.34,1.09933775,1
1505688161,21684910,51.33,1.65517222,1
1505688153,21684899,51.37,1.10000000,0
1505688151,21684898,51.33,18.34476300,1
1505688148,21684896,51.43,0.00064164,1
1505688136,21684884,51.43,1.09935836,1
1505688131,21684879,51.34,5.47057468,0
1505688131,21684878,51.42,0.00062232,1
1505688118,21684873,51.48,1.60367226,0
1505688109,21684870,51.42,1.09937768,1
1505688105,21684861,51.38,1.60634797,1
1505688105,21684860,51.39,0.50616824,1
1505688105,21684858,51.41,0.00021396,1
1505688020,21684823,51.41,1.09978604,1
1505688013,21684818,51.39,0.59383176,1
1505688013,21684817,51.40,0.50616824,1
1505688013,21684814,51.40,1.10000000,0
1505688010,21684808,51.39,0.47771969,1
1505688010,21684806,51.40,1.10000000,1
1505687972,21684794,51.40,1.10000000,1
1505687963,21684775,51.52,1.60213223,0
1505687959,21684771,51.51,1.60269015,1
1505687947,21684768,51.53,0.51136490,1
1505687947,21684767,51.53,1.09059100,0
1505687942,21684763,51.53,1.60208414,0
1505687937,21684759,51.53,0.58843843,1
1505687930,21684752,51.49,0.51156157,0
1505687925,21684745,51.49,0.50222407,1
1505687925,21684744,51.50,0.00943463,1
1505687925,21684741,51.50,1.09096728,1
1505687924,21684739,51.52,0.00940900,1
1505687924,21684733,51.52,1.09059100,1
1505687916,21684718,51.50,0.48678700,1
1505687916,21684717,51.51,1.10000000,1
1505687824,21684653,51.51,1.60149728,1
1505687805,21684647,51.56,0.03376013,1
1505687805,21684646,51.56,1.57248587,1
1505687804,21684644,51.59,0.01884206,1
1505687734,21684619,51.60,1.59804212,1
1505687722,21684572,51.60,1.59840995,1
1505687719,21684561,51.61,1.59837796,1
1505687718,21684560,51.62,1.08826621,1
1505687718,21684559,51.62,0.49841000,1
1505687718,21684558,51.63,1.10000000,1
1505687689,21684522,51.78,1.59321649,0
1505687685,21684517,51.78,0.00045335,1
1505687674,21684502,51.79,1.13631975,0
1505687673,21684501,51.79,24.73553100,0
1505687673,21684500,51.79,12.26446900,0
1505687659,21684483,51.78,36.63441485,1
1505687477,21684446,51.78,1.59439694,0
1505687451,21684416,51.74,18.00000000,0
1505687441,21684415,51.76,1.59465706,0
1505687439,21684414,51.65,1.34000000,0
1505687436,21684413,51.65,0.55000000,0
1505687436,21684412,51.65,9.45000000,0
1505687424,21684411,51.83,1.59228512,0
1505687422,21684410,51.67,1.60634797,0
1505687422,21684409,51.60,0.01139131,1
1505687421,21684408,51.65,2.00000000,0
1505687417,21684406,51.67,62.46890056,1
1505687417,21684405,51.68,17.13000000,1
1505687417,21684404,51.70,1.59646085,1
1505687417,21684403,51.71,1.60541586,1
1505687417,21684402,51.74,36.00000000,1
1505687417,21684401,51.76,0.71332173,1
1505687374,21684384,51.76,0.87716593,1
1505687373,21684383,51.77,0.57983207,1
1505687370,21684382,51.77,0.13349000,1
1505687353,21684380,51.77,0.87727700,1
1505687272,21684335,51.78,26.07164800,1
1505687118,21684267,51.88,22.14610640,0
1505687079,21684259,51.90,21.04181924,1
1505687053,21684257,51.83,1.60138915,1
1505686889,21683840,51.90,1.88563873,1
1505686844,21683634,51.87,1.88107095,0
1505686837,21683601,51.83,1.60138915,1
1505686835,21683595,51.99,1.58685040,1
1505686834,21683588,51.99,8.00000000,1
1505686834,21683586,51.99,27.23094100,1
1505686833,21683584,51.99,6.54716352,1
1505686833,21683583,52.02,1.58685048,1
1505686825,21683540,51.99,14.38698887,1
1505686825,21683538,52.00,1.59646085,1
1505686825,21683535,52.00,1.60541586,0
1505686823,21683527,51.99,2.26895621,1
1505686822,21683522,51.99,101.26100000,0
1505686822,21683521,51.90,38.71810000,0
1505686760,21683306,51.99,5.75900000,0
1505686760,21683305,51.99,173.96800000,0
1505686760,21683304,51.98,20.27300000,0
1505686733,21683204,52.03,1.58643109,0
1505686730,21683187,51.69,1.60603715,1
1505686728,21683182,52.00,40.83344850,1
1505686728,21683181,52.00,20.70610200,1
1505686728,21683180,52.00,1.00000000,1
1505686728,21683178,52.00,19.29389800,1
1505686728,21683176,52.00,2.88815700,1
1505686728,21683175,52.00,5.26307693,1
1505686725,21683166,51.98,3.95026270,0
1505686725,21683165,51.97,19.86000000,0
1505686725,21683163,51.96,10.23000000,0
1505686725,21683161,51.95,23.45800000,0
1505686725,21683160,51.95,10.20705487,0
1505686725,21683158,51.94,42.31000000,0
1505686696,21683044,51.98,1.58824640,0
1505686686,21683014,52.00,23.62334765,1
1505686686,21683011,52.00,102.00000000,0
1505686685,21683009,52.00,5.78976896,0
1505686685,21683008,51.96,1.59600703,0
1505686685,21683007,51.86,2.63000000,0
1505686685,21683006,51.86,13.14000000,0
1505686685,21683005,51.86,2.63000000,0
1505686685,21683004,51.85,44.04500000,0
1505686685,21683003,51.84,4.54587636,0
1505686627,21682881,51.93,1.58940978,0
1505686622,21682872,51.95,157.23582695,0
1505686622,21682871,51.94,42.73000000,0
1505686622,21682870,51.86,0.03417305,0
1505686596,21682845,51.62,0.75000000,1
1505686573,21682809,51.66,0.50000000,0
1505686567,21682802,51.53,1.61071220,1
1505686566,21682799,51.59,0.01853015,0
1505686555,21682786,51.81,1.59961677,0
1505686555,21682785,51.81,0.01207064,0
1505686555,21682784,51.79,1.60262598,0
1505686549,21682773,51.79,0.00943463,1
1505686548,21682771,51.79,16.33237832,0
1505686548,21682770,51.39,0.00875224,0
1505686545,21682764,51.53,0.01109543,0
1505686542,21682757,51.67,0.01034094,0
1505686530,21682742,51.79,2.05740100,1
1505686530,21682741,51.79,14.94259900,1
1505686527,21682735,51.80,0.94351400,1
1505686526,21682734,51.80,18.05648600,0
1505686501,21682666,51.72,1.88101953,0
1505686491,21682632,51.72,67.99941996,1
1505686456,21682539,51.64,16.22934315,1
1505686451,21682533,51.62,6.03196800,1
1505686450,21682531,51.62,6.51662000,1
1505686416,21682491,51.59,3.99864224,1
1505686409,21682475,51.58,4.55583521,1
1505686396,21682450,51.58,5.32684900,1
1505686391,21682442,51.58,2.20000000,0
1505686390,21682438,51.58,13.20746436,0
1505686390,21682437,51.58,1.59253564,0
1505686390,21682435,51.58,0.60000000,1
1505686389,21682432,51.58,15.40000000,0
1505686386,21682419,51.55,5.34662857,1
1505686370,21682377,51.58,10.53100000,1
1505686370,21682376,51.59,4.86900000,1
1505686368,21682371,51.60,5.23915500,1
1505686367,21682368,51.59,14.80100000,1
1505686367,21682367,51.60,1.18957300,1
1505686358,21682347,51.44,1.61353032,1
1505686357,21682345,51.88,1.59084193,0
1505686352,21682331,51.30,1.61824917,1
1505686352,21682330,51.39,1.61510021,0
1505686348,21682314,51.27,1.10000000,1
1505686346,21682303,52.00,158.64012349,1
1505686345,21682301,52.00,48.71257155,1
1505686345,21682295,52.00,6.33359200,1
1505686345,21682292,52.00,5.81756720,1
1505686344,21682288,52.04,1.58643109,0
1505686343,21682285,52.00,0.98074362,1
1505686343,21682284,51.97,93.00000000,0
1505686343,21682283,51.91,685.48000000,0
1505686342,21682282,51.89,102.00000000,0
1505686342,21682279,51.88,60.00000000,0
1505686342,21682277,51.87,15.06000000,0
1505686342,21682276,51.63,1.60769885,0
1505686342,21682275,51.61,1.60851106,0
1505686342,21682274,51.60,1.60855935,0
1505686342,21682273,51.59,3.01000000,0
1505686342,21682272,51.57,1.60961294,0
1505686341,21682271,51.56,1.60992683,0
1505686341,21682270,51.50,1.60301858,0
1505686341,21682269,51.50,0.00881027,0
1505686341,21682268,51.39,1.61529248,0
1505686341,21682267,51.39,1.61277428,0
1505686341,21682265,51.39,1.61228101,0
1505686341,21682262,51.35,1.09134275,0
1505686341,21682261,51.35,0.52522028,0
1505686341,21682259,51.35,1.61174822,0
1505686340,21682258,51.29,0.00000005,0
1505686340,21682257,51.28,1.62046075,0
1505686340,21682256,51.27,1.62014444,0
1505686314,21682188,51.25,1.62426614,1
1505686299,21682158,51.29,1.10000000,0
1505686296,21682150,51.22,0.13125324,0
1505686294,21682134,51.22,0.96874676,0
1505686281,21682072,51.23,1.10000000,0
1505686275,21682040,51.29,0.51844825,0
1505686274,21682039,51.25,0.91339475,0
1505686273,21682035,51.25,0.18660500,0
1505686271,21682028,51.25,0.52109400,0
1505686271,21682027,51.24,1.10000000,0
1505686269,21682017,51.24,1.10000000,0
1505686176,21681764,51.26,1.08765061,0
1505686174,21681754,51.25,14.37690012,1
1505685478,21680480,51.28,1.60992683,0
1505685468,21680466,51.11,0.89578719,0
1505685152,21679894,51.11,0.09254549,0
1505685150,21679889,51.10,0.00490211,0
1505685119,21679754,51.10,1.62000000,0
1505685062,21679602,51.10,26.41741683,0
1505685037,21679564,51.11,0.62936800,0
1505685035,21679560,51.03,0.00887582,0
1505685035,21679558,51.02,1.62936788,0
1505684994,21679456,50.82,1.63321526,0
1505684990,21679452,51.02,0.27866159,0
1505684990,21679451,51.01,1.62872841,0
1505684982,21679440,51.02,7.67276131,0
1505684982,21679439,51.02,1.62681301,0
1505684982,21679438,51.01,0.00900268,0
1505684913,21679333,50.83,0.01519328,0
1505684804,21679298,51.01,1.09999500,0
1505684773,21679279,50.84,1.63257277,0
1505684770,21679277,51.02,1.62681278,0
1505684750,21679267,50.85,1.63225172,1
1505684749,21679266,51.02,0.00000023,1
1505684748,21679264,51.02,1.63257277,0
1505684743,21679261,50.83,1.63321526,1
1505684741,21679255,51.30,13.40000000,0
1505684739,21679246,51.31,1.61761839,1
1505684739,21679243,51.32,1.60851106,0
1505684737,21679240,51.09,0.00000010,0
1505684737,21679239,51.08,0.01953123,0
1505684729,21679234,50.83,1.63353670,1
1505684726,21679232,51.07,1.62522028,1
1505684721,21679231,51.07,1.63096875,0
1505684692,21679217,51.09,1.61807200,0
1505684691,21679214,50.96,1.10000000,0
1505684690,21679213,50.97,17.61192099,1
1505684687,21679209,50.76,0.83136113,1
1505684687,21679207,50.93,0.00881027,1
1505684686,21679206,50.93,1.61165048,1
1505684686,21679205,51.00,21.89377176,1
1505684686,21679203,51.00,0.10972500,1
1505684686,21679202,51.04,1.60769885,1
1505684686,21679201,51.04,1.62609424,1
1505684685,21679200,51.06,0.00165048,1
1505684685,21679199,51.06,1.59721845,1
1505684685,21679198,51.06,0.01278155,1
1505684685,21679197,51.06,1.59010124,1
1505684685,21679196,51.07,1.09134275,1
1505684684,21679195,51.09,1.61277428,1
1505684684,21679194,51.11,1.61228101,1
1505684682,21679193,51.12,1.10000000,1
1505684606,21679132,51.31,1.60855935,0
1505684602,21679129,51.07,1.10000000,1
1505684600,21679128,51.22,1.60301858,1
1505684597,21679126,51.29,1.60961294,1
1505684578,21679103,51.43,0.00000039,1
1505684577,21679101,51.43,0.00895116,1
1505684577,21679100,51.43,1.59615384,1
1505684575,21679093,51.46,6.23287700,1
1505684575,21679092,51.49,0.00000049,1
1505684575,21679091,51.50,0.52002630,1
1505684575,21679090,51.51,0.00000013,1
1505684564,21679064,51.51,1.59896500,1
1505684535,21679037,51.50,4.48016787,1
1505684535,21679036,51.50,1.59901313,1
1505684533,21679031,51.51,22.36778774,1
1505684533,21679029,51.51,7.16221226,1
1505684533,21679028,51.51,40.46249774,1
1505684533,21679025,51.51,6.59920700,1
1505684489,21678996,51.51,5.07611100,1
1505684479,21678966,51.51,30.09149429,1
1505684479,21678965,51.51,1.59871948,1
1505684479,21678964,51.52,1.59493323,1
1505684440,21678950,51.77,1.58995699,0
1505684355,21678917,51.51,0.31000000,1
1505684324,21678902,51.75,1.59464110,0
1505684244,21678851,51.49,1.59868700,1
1505684224,21678838,51.51,9.74244867,0
1505684224,21678837,51.50,5.00019400,0
1505684223,21678835,51.51,5.00019400,1
1505684209,21678828,51.50,1.61165048,0
1505684208,21678827,51.70,1.59615384,1
1505684200,21678825,51.71,1.59061907,1
1505684190,21678821,51.72,1.59467301,1
1505684054,21678766,51.71,0.00895155,0
1505684052,21678762,52.00,7.98821702,1
1505684052,21678760,52.00,10.99923077,1
1505684052,21678757,52.00,39.33556600,1
1505684051,21678752,52.00,10.99019231,1
1505684051,21678751,52.00,13.79138800,1
1505684050,21678750,52.00,72.13451100,1
1505684045,21678745,52.00,17.02574500,1
1505684044,21678743,52.00,1.89711520,1
1505684043,21678739,52.00,2.78000000,1
1505684040,21678736,52.01,13.70095100,0
1505684040,21678735,52.01,1.96904403,0
1505684039,21678731,52.00,1.59615384,1
1505684038,21678725,52.01,1.96902000,0
1505684036,21678721,52.01,7.88640053,1
1505684032,21678711,52.01,3.23469800,1
1505684031,21678706,52.01,4.84759288,1
1505684030,21678702,52.01,3.23469900,1
1505684029,21678701,52.01,3.03000000,1
1505684027,21678700,52.00,71.84428800,1
1505684027,21678699,52.00,1.39335000,1
1505684026,21678697,52.00,8.06461539,1
1505684026,21678696,52.00,25.80536200,1
1505684026,21678695,52.00,24.23613000,1
1505684026,21678694,52.00,11.49495200,1
1505684026,21678693,52.00,12.95189500,1
1505684025,21678692,52.01,0.00066546,0
1505684025,21678691,52.00,42.98390800,1
1505684025,21678690,52.00,1.59615384,1
1505684025,21678689,52.00,26.63321400,1
1505684024,21678687,52.00,18.77424400,1
1505684024,21678686,52.00,98.21136900,1
1505684023,21678684,52.00,46.47000000,1
1505684022,21678683,52.00,3.13000000,0
1505684022,21678682,52.00,1.58430001,0
1505684022,21678681,51.99,2.65000000,0
1505684022,21678680,51.98,0.90303434,0
1505684022,21678679,51.91,1.59894913,0
1505684021,21678678,51.78,1.60306551,0
1505684021,21678677,51.64,1.59622502,0
1505684021,21678676,51.64,1.60050513,0
1505684021,21678675,51.62,0.00165048,0
1505683978,21678660,51.62,1.61000000,0
1505683967,21678657,51.63,1.59894913,0
1505683966,21678655,51.50,8.03701105,0
1505683963,21678653,51.50,3.23416400,0
1505683959,21678643,51.50,1.62018900,0
1505683957,21678636,51.50,0.14212493,0
1505683957,21678635,51.49,1.61384405,0
1505683957,21678634,51.48,0.00189002,0
1505683956,21678632,51.48,1.61383900,0
1505683935,21678614,51.47,14.59931600,1
1505683931,21678612,51.25,1.61951219,1
1505683929,21678610,51.49,1.61384405,0
1505683928,21678609,51.25,1.61951219,1
1505683924,21678607,51.50,1.60306551,0
1505683923,21678600,51.33,0.00000516,0
1505683918,21678590,51.33,1.62203900,0
1505683866,21678564,51.34,17.73500000,0
1505683863,21678557,51.16,1.62267839,1
1505683858,21678555,51.34,1.59622502,1
1505683858,21678554,51.35,1.60050513,1
1505683846,21678526,51.54,0.11679200,0
1505683828,21678521,51.62,6.92900000,0
1505683823,21678518,51.61,1.97075600,0
1505683817,21678511,51.60,4.66573300,0
1505683794,21678498,51.80,1.59347373,0
1505683779,21678495,51.43,1.59190555,0
1505683680,21678448,51.23,1.62014444,1
1505683676,21678443,51.73,1.59430452,0
1505683577,21678355,51.21,1.62077719,1
1505683576,21678352,51.21,2.52957000,1
1505683576,21678351,51.36,2.69000000,1
1505683574,21678349,51.38,0.00000019,1
1505683573,21678343,51.38,1.62077700,1
1505683572,21678341,51.40,0.00000011,1
1505683571,21678339,51.40,7.63942500,1
1505683571,21678337,51.40,38.17000000,1
1505683507,21678302,51.40,21.60400000,1
1505683361,21678237,51.47,21.71200000,0
1505683312,21678228,51.48,0.44543000,1
1505683284,21678219,51.47,1.59235000,1
1505683276,21678216,51.46,1.90244812,1
1505683100,21678085,51.43,0.00000005,0
1505683083,21678071,51.43,1.61384400,0
1505683046,21678035,51.43,1.61384405,0
1505683042,21678032,51.88,1.59127594,0
1505683039,21678031,51.90,8.20096339,1
1505683039,21678030,51.54,1.60918647,0
1505683038,21678029,51.47,0.00384450,0
1505682994,21677997,51.46,1.61541455,0
1505682994,21677996,51.45,0.00478599,0
1505682994,21677995,51.44,0.00180902,0
1505682973,21677979,51.44,0.91000000,0
1505682936,21677955,51.44,0.70392000,0
1505682921,21677946,51.45,0.61000000,0
1505682906,21677934,51.45,1.00000000,0
1505682903,21677929,51.23,1.62014444,1
1505682900,21677924,51.24,1.61982825,0
1505682895,21677921,51.23,0.53257665,1
1505682895,21677920,51.23,1.08756779,1
1505682882,21677915,51.47,0.51000000,0
1505682869,21677895,51.43,10.16569588,0
1505682859,21677888,51.43,6.67813900,0
1505682856,21677886,51.43,1.00000000,0
1505682844,21677858,51.43,3.77886600,0
1505682843,21677857,51.42,1.61415791,1
1505682842,21677853,51.42,1.62331312,1
1505682840,21677849,51.42,0.51921981,0
1505682840,21677848,51.37,1.62077719,0
1505682838,21677840,51.34,1.61698811,0
1505682836,21677826,51.36,1.62046075,0
1505682835,21677825,51.34,0.00000015,0
1505682834,21677823,51.33,14.17242721,0
1505682834,21677822,51.33,1.61666800,0
1505682834,21677821,51.33,1.62045500,0
1505682834,21677819,51.33,1.62044979,0
1505682834,21677817,51.32,0.00000521,0
1505682833,21677816,51.32,1.62235600,0
1505682818,21677806,51.34,1.61667300,0
1505682806,21677792,51.30,9.81334000,1
1505682801,21677785,51.05,1.62617554,1
1505682799,21677784,51.34,2.80019400,1
1505682795,21677777,51.05,1.62585700,1
1505682793,21677775,51.35,14.28254966,0
1505682793,21677774,51.34,1.61667315,0
1505682793,21677773,51.21,1.62077719,0
1505682740,21677738,51.32,5.11966179,1
1505682739,21677737,51.31,1.62236121,0
1505682703,21677707,51.04,1.62617554,0
1505682698,21677698,51.03,1.62649421,1
1505682697,21677697,51.21,1.62617554,1
1505682695,21677696,51.32,1.60875321,0
1505682695,21677694,51.31,0.00442681,0
1505682693,21677692,51.31,1.61350691,0
1505682693,21677691,51.30,1.61793372,0
1505682692,21677690,51.29,0.00442737,0
1505682673,21677683,51.29,1.61793384,0
1505682673,21677682,51.28,0.00000016,0
1505682669,21677677,51.28,1.62204400,0
1505682650,21677672,51.28,0.69310000,0
1505682646,21677670,51.05,1.62585700,0
1505682642,21677668,51.26,10.01019100,0
1505682616,21677650,51.28,1.75465900,0
1505682600,21677634,51.04,1.62617554,1
1505682598,21677633,51.29,4.17779975,1
1505682596,21677629,51.29,1.61824917,1
1505682594,21677625,51.29,14.13954000,0
1505682593,21677623,51.03,1.62649421,1
1505682520,21677491,51.28,0.59298200,0
1505682484,21677448,51.03,1.62649421,1
1505682482,21677446,51.30,17.64000000,0
1505682482,21677445,51.30,0.00690888,0
1505682473,21677432,51.29,1.50606000,0
1505682471,21677427,51.24,1.32826228,0
1505682471,21677426,51.22,0.00849727,0
1505682471,21677425,51.15,0.00883434,0
1505682465,21677411,51.03,1.62681301,1
1505682459,21677409,51.03,1.62681301,1
1505682455,21677408,51.21,1.61384405,1
1505682447,21677404,51.24,0.15275878,0
1505682447,21677403,51.23,0.00724122,0
1505682446,21677402,51.24,0.12500000,0
1505682432,21677395,51.24,1.59909603,1
1505682432,21677394,51.24,0.01507373,1
1505682431,21677393,51.24,1.59782949,1
1505682417,21677386,51.25,0.44588431,1
1505682407,21677368,51.26,1.60918647,1
1505682377,21677351,51.28,4.19451100,0
1505682345,21677287,51.27,3.31520467,0
1505682332,21677283,51.25,1.61951219,1
1505682318,21677269,51.38,1.60665892,1
1505682315,21677265,51.39,1.61353032,1
1505682315,21677264,51.39,1.61447189,1
1505682312,21677261,51.40,0.01408760,1
1505682308,21677259,51.41,0.01030023,1
1505682308,21677258,51.41,1.59698094,1
1505682305,21677257,51.42,7.75269191,1
1505682305,21677255,51.42,1.60728100,1
1505682225,21677071,51.43,8.47000000,1
1505682218,21677022,51.42,0.89729261,1
1505682218,21677020,51.42,1.61761839,1
1505682218,21677017,51.43,9.36000000,1
1505682218,21677006,51.44,23.76430500,1
1505682203,21676977,51.47,13.21640895,0
1505682203,21676976,51.43,1.61384405,0
1505682201,21676975,51.47,0.00757730,1
1505682200,21676974,51.47,0.67700490,1
1505682200,21676973,51.51,2.79462006,1
1505682122,21676768,51.51,12.01000000,1
1505682122,21676766,51.52,0.50000000,1
1505682091,21676731,51.47,0.50000000,1
1505682091,21676730,51.55,0.50000000,1
1505682082,21676726,51.61,15.34000000,0
1505682071,21676712,51.59,2.22784600,0
1505682024,21676700,51.63,1.00000000,0
1505681906,21676632,51.49,33.46539192,1
1505681889,21676629,51.60,1.10000000,1
1505681840,21676604,51.58,1.36000000,1
1505681840,21676603,51.59,1.10000000,1
1505681726,21676406,51.64,9.89426000,1
1505681641,21676265,51.93,1.10000000,0
1505681583,21676234,51.92,10.99967900,0
1505681565,21676229,51.94,4.72116700,0
1505681333,21676110,51.91,0.65018900,0
1505681331,21676108,51.83,1.10000000,0
1505680930,21675981,51.98,0.69010000,0
1505680846,21675909,51.92,50.05005000,0
1505680757,21675876,51.66,1.60665892,1
1505680746,21675866,51.47,0.42176577,1
1505680746,21675865,51.56,0.01345586,1
1505680746,21675864,51.56,1.58700692,1
1505680746,21675862,51.63,1.10801890,1
1505680745,21675860,51.63,0.49275255,1
1505680737,21675849,51.67,1.35000000,1
1505680727,21675834,51.66,50.00000000,1
1505680700,21675817,51.66,1.35000000,1
1505680691,21675812,51.64,18.81686566,1
1505680691,21675811,51.64,0.00013434,1
1505680676,21675807,51.78,1.42000000,1
1505680668,21675806,51.97,1.58856790,0
1505680664,21675801,51.64,2.48986566,1
1505680664,21675800,51.69,0.00013434,1
1505680654,21675789,51.69,1.59300000,1
1505680645,21675765,51.69,10.40586566,1
1505680645,21675764,51.70,1.59313434,1
1505680626,21675755,51.69,50.00000000,1
1505680617,21675748,51.70,12.13000000,1
1505680610,21675744,51.70,10.91000000,1
1505680601,21675738,51.70,1.35000000,1
1505680575,21675726,51.69,33.39000000,1
1505680575,21675725,51.70,13.84000000,1
1505680575,21675724,51.71,2.77000000,1
1505680566,21675721,51.69,50.00000000,1
1505680559,21675703,51.70,15.29000000,1
1505680548,21675696,51.71,50.00000000,1
1505680539,21675688,51.69,29.29000000,1
1505680539,21675687,51.70,17.26000000,1
1505680539,21675686,51.73,3.45000000,1
1505680513,21675678,51.71,3.52000000,1
1505680488,21675665,51.71,3.63000000,1
1505680479,21675662,51.70,2.20598838,1
1505680479,21675661,51.71,14.35600000,1
1505680479,21675660,51.71,1.58801162,1
1505680470,21675657,51.74,2.60000000,1
1505680462,21675655,51.70,0.00369999,1
1505680462,21675654,51.71,3.69000000,1
1505680462,21675653,51.72,1.58430001,1
1505680458,21675650,52.12,1.58369219,0
1505680391,21675624,52.12,1.58279159,0
1505680307,21675594,52.11,0.94699907,1
1505680301,21675585,52.14,1.58308483,0
1505680298,21675581,52.11,0.37000000,0
1505680298,21675580,52.11,0.26574754,0
1505680296,21675576,51.71,39.81138987,0
1505680295,21675575,51.71,28.84918203,0
1505680295,21675574,51.80,2.66000000,1
1505680294,21675573,52.11,1.58425246,0
1505680266,21675562,51.93,1.86071649,0
1505680261,21675561,51.94,0.60326200,0
1505680261,21675560,51.92,1.10000000,0
1505680258,21675558,51.93,10.00000000,0
1505680251,21675546,51.93,1.10000000,0
1505680249,21675545,51.94,0.00007739,1
1505680231,21675514,51.94,1.09992261,1
1505680229,21675512,51.99,2.33000000,0
1505680210,21675508,51.92,2.19000000,0
1505680083,21675488,51.88,1.10000000,1
1505680069,21675485,51.91,1.58820234,1
1505679898,21675416,52.10,1.58377969,1
1505679873,21675413,51.86,0.48654414,1
1505679873,21675412,51.87,1.75955544,0
1505679872,21675410,51.87,1.59159865,0
1505679871,21675408,51.87,1.58795679,1
1505679858,21675407,51.88,1.10000000,0
1505679857,21675406,51.88,1.58457239,1
1505679855,21675405,51.89,1.58817055,1
1505679832,21675402,51.95,1.58640915,1
1505679829,21675401,51.96,1.10000000,1
1505679825,21675399,51.97,1.58752434,1
1505679819,21675395,52.19,1.58180820,1
1505679799,21675383,51.96,1.58874645,0
1505679791,21675380,52.02,0.34000000,1
1505679725,21675358,52.03,1.58417321,1
1505679700,21675344,52.04,0.75727000,0
1505679502,21675171,52.01,1.10000000,0
1505679491,21675155,52.24,1.58005500,0
1505679490,21675153,52.02,0.34000000,0
1505679477,21675139,52.02,0.76000000,0
1505679470,21675128,52.03,1.10000000,0
1505679332,21675056,52.02,5.45819700,0
1505679328,21675052,51.99,1.02791997,1
1505679306,21675031,52.03,1.58576130,1
1505679206,21674961,52.12,0.07208003,0
1505679205,21674959,52.12,1.02791997,0
1505679164,21674906,52.18,0.00119643,1
1505679161,21674904,52.18,1.58010713,1
1505679150,21674886,52.23,1.58009071,1
1505679140,21674857,52.18,1.58700646,0
1505679140,21674856,52.14,0.00722154,0
1505679076,21674751,51.95,1.58369219,0
1505679074,21674748,51.99,13.04963471,0
1505679074,21674747,51.95,0.79129200,0
1505679073,21674746,51.90,1.10000000,1
1505679073,21674745,51.91,7.53012500,1
1505679071,21674743,51.95,6.82870800,0
1505679045,21674727,51.93,1.00000000,0
1505678907,21674649,51.95,1.10000000,1
1505678906,21674648,51.94,0.69000000,0
1505678906,21674647,51.94,7.82000000,0
1505678906,21674646,51.94,0.75000000,0
1505678906,21674645,51.92,1.10000000,0
1505678823,21674559,51.86,0.01345586,1
1505678697,21674516,52.13,1.58337529,0
1505678649,21674496,51.91,1.09998055,1
1505678484,21674384,52.12,1.58359712,0
1505678314,21674206,52.09,1.58398019,0
1505678267,21674182,51.89,0.12000000,0
1505678238,21674083,52.12,1.58375832,1
1505678143,21674016,52.10,1.58460410,0
1505678140,21674015,51.89,1.58428416,0
1505678099,21673940,52.00,1.54576924,1
1505678094,21673936,51.95,1.09932628,1
1505678089,21673934,51.94,3.67056988,0
1505678086,21673932,51.94,1.10063560,1
1505678085,21673929,51.94,1.46936440,1
1505678085,21673928,51.94,0.48877962,1
1505678085,21673927,51.95,1.10000000,1
1505678083,21673920,51.94,11.45122038,1
1505678083,21673919,51.94,1.10018096,1
1505678083,21673918,51.95,0.48825981,1
1505678082,21673917,51.95,1.09971127,0
1505678081,21673915,51.94,2.56981904,1
1505678081,21673914,51.94,0.00056988,1
1505678080,21673911,51.95,1.10000000,1
1505678067,21673902,51.94,2.33943012,1
1505678066,21673901,52.13,1.58337261,0
1505678065,21673900,51.94,1.33000000,0
1505678064,21673896,51.86,3.67000000,0
1505678063,21673895,51.94,3.67000000,0
1505678062,21673893,51.88,3.67000000,0
1505678061,21673892,51.85,3.66733596,1
1505678061,21673891,51.86,1.59040404,1
1505677923,21673797,51.97,1.10000044,1
1505677910,21673788,51.97,0.48338801,1
1505677910,21673787,51.98,1.58693324,1
1505677910,21673786,51.99,1.58622475,1
1505677910,21673785,52.00,1.10000000,1
1505677852,21673754,52.16,1.58219294,0
1505677701,21673672,51.93,53.52845433,1
1505677701,21673671,51.95,6.56000000,1
1505677701,21673670,51.96,38.81154567,1
1505677701,21673669,52.11,1.10000000,1
1505677638,21673623,52.26,1.57945043,0
1505677637,21673621,51.89,3.27956836,1
1505677637,21673620,52.02,1.58184733,1
1505677636,21673619,52.02,1.58468924,0
1505677636,21673617,52.06,1.58216128,1
1505677636,21673616,52.07,1.58173379,1
1505677634,21673615,52.08,1.10000000,1
1505677615,21673594,52.33,1.57647143,0
1505677596,21673586,52.17,1.10000000,0
1505677591,21673583,52.17,1.10000000,1
1505677533,21673528,52.32,0.47794101,1
1505677533,21673527,52.32,1.10000000,0
1505677529,21673519,52.17,1.10000000,1
1505677252,21673328,52.11,1.00000000,1
1505677237,21673321,52.35,0.00332729,1
1505677237,21673320,52.35,1.57268386,0
1505677214,21673309,52.35,1.57322623,1
1505677169,21673289,52.25,1.10000000,0
1505677163,21673286,52.29,0.00024942,1
1505677161,21673284,52.30,0.00057361,1
1505677160,21673281,52.30,1.09942639,1
1505677158,21673278,52.29,1.33027348,1
1505677152,21673275,52.29,0.24942639,1
1505677152,21673274,52.30,0.00057361,1
1505677150,21673270,52.30,1.09942639,1
1505677147,21673268,52.30,1.10000000,1
1505677130,21673263,52.17,1.58528952,0
1505677098,21673257,51.94,47.31471048,0
1505677098,21673256,51.95,1.58528952,0
1505677096,21673254,52.14,1.10000000,1
1505677055,21673246,51.63,5.69888667,0
1505677054,21673245,51.64,2.42000000,1
1505677054,21673244,52.07,1.58106011,1
1505677054,21673243,52.08,12.09000000,1
1505677054,21673242,52.13,1.10000000,0
1505677053,21673241,52.13,1.58540326,0
1505677052,21673240,52.13,1.58464996,1
1505677044,21673239,52.42,1.57683752,1
1505677039,21673238,52.20,1.10000000,1
1505677023,21673228,52.18,23.00000000,1
1505676941,21673167,52.42,0.33630112,1
1505676940,21673166,52.42,1.24000000,0
1505676932,21673161,52.30,0.00064538,1
1505676932,21673160,52.31,0.04634897,1
1505676902,21673141,52.43,1.57653677,0
1505676899,21673136,52.41,1.58396333,0
1505676896,21673135,52.40,1.57731311,0
1505676893,21673133,52.38,1.58469752,0
1505676892,21673130,52.31,1.53374116,1
1505676891,21673127,52.37,1.58495382,0
1505676891,21673126,52.31,15.62000000,0
1505676891,21673125,52.31,0.13365416,0
1505676891,21673123,52.31,0.35785211,0
1505676883,21673116,52.31,1.10311700,0
1505676883,21673115,52.30,1.57590823,1
1505676873,21673105,52.29,1.58738893,0
1505676873,21673104,52.29,1.58736334,0
1505676873,21673103,52.27,1.33795102,0
1505676873,21673102,52.27,0.25000000,0
1505676873,21673101,52.27,0.00000019,0
1505676872,21673100,52.25,2.03620231,0
1505676872,21673099,52.23,0.53603628,0
1505676871,21673098,52.23,0.45721906,0
1505676871,21673097,52.23,0.59601255,0
1505676871,21673096,52.22,0.99364006,0
1505676871,21673095,52.22,0.58983366,0
1505676871,21673094,52.18,0.53603667,0
1505676866,21673091,52.18,1.58396333,0
1505676860,21673086,52.22,1.58957703,0
1505676860,21673085,52.22,0.00604669,0
1505676860,21673084,52.20,1.59019924,0
1505676860,21673083,52.20,0.00000043,0
1505676860,21673082,52.19,84.59617481,0
1505676859,21673081,52.19,51.62742547,0
1505676859,21673080,52.19,119.29384200,0
1505676859,21673079,52.18,2.52000000,0
1505676858,21673078,52.18,1.59086463,0
1505676858,21673077,52.18,0.49999990,0
1505676854,21673073,52.18,1.08951000,0
1505676854,21673072,52.16,1.59156086,0
1505676854,21673070,52.16,1.58536646,0
1505676854,21673068,52.15,1.58926235,0
1505676854,21673067,52.14,3.88000000,0
1505676846,21673053,52.12,14.23900000,0
1505676831,21673011,52.12,1.29537300,0
1505676822,21673003,52.11,1.58495382,0
1505676819,21673002,52.13,1.59232947,0
1505676819,21673001,52.13,1.59242913,0
1505676819,21673000,52.12,1.59254476,0
1505676819,21672999,52.12,0.49275255,0
1505676819,21672998,52.12,0.36013687,0
1505676817,21672997,52.12,0.73986313,0
1505676817,21672996,52.10,0.74082687,0
1505676807,21672987,52.10,0.49992322,0
1505676806,21672986,52.10,0.35238857,0
1505676806,21672985,52.10,0.49312272,0
1505676806,21672984,52.10,1.10000000,0
1505676806,21672983,52.10,100.00000000,0
1505676792,21672970,52.08,27.16954100,0
1505676784,21672958,51.94,3.29794787,1
1505676784,21672956,51.97,0.99364006,1
1505676783,21672954,51.98,44.80600000,1
1505676778,21672951,52.09,0.13365416,1
1505676776,21672950,52.09,1.45317292,0
1505676771,21672949,52.09,1.58682708,0
1505676765,21672939,52.09,1.59352552,0
1505676765,21672938,52.09,1.59354146,0
1505676765,21672937,52.09,1.59237351,0
1505676765,21672936,52.08,15.62000000,0
1505676765,21672935,52.07,0.00676721,0
1505676574,21672795,52.05,1.33795102,1
1505676515,21672760,52.05,0.25000000,1
1505676478,21672747,52.05,0.49478705,0
1505676478,21672746,52.05,1.10000000,0
1505676478,21672745,52.05,0.00740795,0
1505676452,21672736,51.97,0.58983366,1
1505676452,21672735,52.01,0.99325534,1
1505676217,21672581,52.01,0.99271111,0
1505676217,21672580,52.01,0.00728889,0
1505676154,21672567,52.00,7.59504703,0
1505676154,21672566,51.99,0.41042297,0
1505676117,21672537,51.99,1.58957703,0
1505676109,21672525,51.97,0.67335736,0
1505676109,21672524,51.97,0.91750802,0
1505676109,21672522,51.95,0.02833162,0
1505676061,21672478,51.95,1.59086463,0
1505676055,21672469,51.95,1.59781071,0
1505676055,21672468,51.93,1.09852521,0
1505676054,21672467,51.93,0.25000000,0
1505676054,21672466,51.93,0.25000000,0
1505676054,21672465,51.92,0.00720981,0
1505676044,21672453,51.90,44.46941348,1
1505676032,21672436,51.90,4.67366358,1
1505676030,21672435,51.91,0.00676656,0
1505675972,21672365,51.90,0.85000000,0
1505675972,21672364,51.90,0.00692294,0
1505675952,21672335,51.89,1.59414459,0
1505675952,21672333,51.89,1.59966160,0
1505675952,21672331,51.89,0.00625259,0
1505675904,21672282,51.88,45.68632364,0
1505675904,21672281,51.88,1.59952301,0
1505675904,21672280,51.88,1.59698094,0
1505675904,21672279,51.88,0.85920841,0
1505675870,21672237,51.81,6.08657753,0
1505675740,21672173,51.84,1.59415614,0
1505675738,21672172,51.68,0.85000000,0
1505675737,21672171,51.68,1.10000000,1
1505675727,21672169,51.86,1.10000000,0
1505675713,21672154,51.82,2.32666924,1
1505675713,21672153,51.82,1.10000000,0
1505675614,21672113,51.76,1.10000000,0
1505675604,21672102,51.77,1.10000000,0
1505675558,21672080,51.88,6.95070807,1
1505675558,21672079,51.82,5.96000000,0
1505675556,21672078,51.78,1.10000000,0
1505675480,21672038,51.83,1.10000000,0
1505675375,21671974,51.81,7.12519800,0
1505675375,21671973,51.80,1.10000000,0
1505675372,21671972,51.79,11.42581100,0
1505675292,21671922,51.77,36.30726149,0
1505675248,21671870,51.68,49.99999984,1
1505675232,21671851,51.87,1.59352552,1
1505675174,21671827,51.84,1.10000000,0
1505675025,21671736,51.64,4.67366358,1
1505675025,21671735,51.64,1.59952301,1
1505675016,21671723,51.87,1.59354146,0
1505675015,21671720,51.66,1.10000000,0
1505674998,21671695,51.67,1.10000000,0
1505674988,21671692,51.68,1.10000000,0
1505674975,21671685,51.69,1.10000000,0
1505674951,21671648,51.64,14.13470000,1
1505674850,21671543,51.81,0.32000000,0
1505674847,21671541,51.64,0.01030023,1
1505674845,21671539,51.75,0.67940405,1
1505674606,21671199,51.75,0.91750802,1
1505674606,21671198,51.83,0.67940000,1
1505674571,21671074,51.83,2.20000000,1
1505674484,21670937,51.87,1.10000000,0
1505674480,21670927,51.88,0.25448871,0
1505674480,21670924,51.86,1.60069839,0
1505674480,21670921,51.85,1.10801890,0
1505674475,21670915,51.85,1.10000000,0
1505674469,21670903,51.81,0.00854998,0
1505674469,21670901,51.80,1.60247486,0
1505674469,21670900,51.77,0.00740130,0
1505674469,21670899,51.76,1.10000000,0
1505674459,21670884,51.75,0.00000041,0
1505674459,21670882,51.75,1.59411200,0
1505674458,21670876,51.75,0.00998186,0
1505674458,21670874,51.74,1.60440248,0
1505674457,21670871,51.74,1.00948238,0
1505674457,21670867,51.74,0.59497147,0
1505674457,21670866,51.70,0.55037223,0
1505674456,21670865,51.69,0.00757730,0
1505674427,21670794,51.67,1.09852521,1
1505674396,21670744,51.67,0.25000000,1
1505674387,21670725,51.67,0.25000000,1
1505674380,21670706,51.70,1.05531914,0
1505674379,21670705,51.69,0.00719556,0
1505674379,21670702,51.68,1.60405581,0
1505674379,21670700,51.68,0.25000000,1
1505674378,21670698,51.67,1.60481357,0
1505674378,21670696,51.64,1.61761839,0
1505674378,21670695,51.63,1.61353032,0
1505674377,21670693,51.62,0.01408760,0
1505674377,21670690,51.61,1.61447189,0
1505674376,21670684,51.59,0.50795186,0
1505674372,21670666,51.59,1.10000000,0
1505674362,21670640,51.54,1.61032950,0
1505674362,21670639,51.53,0.00753573,0
1505674362,21670636,51.52,0.73812084,0
1505674361,21670633,51.52,0.87290400,0
1505674357,21670624,51.52,18.86000000,0
1505674356,21670623,51.51,11.14000000,0
1505674353,21670617,51.52,47.36005642,0
1505674353,21670616,51.52,0.33424931,0
1505674352,21670613,51.52,1.60409427,0
1505674352,21670612,51.51,11.14000000,0
1505674259,21670494,51.50,13.24000000,0
1505674259,21670493,51.49,1.10000000,0
1505674235,21670477,51.33,0.09834975,1
1505674190,21670436,51.45,1.00000000,0
1505674120,21670368,51.30,0.33424931,1
1505674120,21670367,51.31,1.60366069,1
1505674107,21670356,51.49,1.60440248,0
1505674101,21670330,51.50,1.60445385,0
1505674099,21670325,51.32,0.01482833,0
1505674098,21670322,51.52,1.10000000,0
1505674097,21670321,51.52,0.00000041,1
1505674092,21670310,51.52,1.59411200,1
1505674073,21670288,51.40,1.60069839,1
1505673991,21670252,51.26,1.61919625,1
1505673970,21670246,51.27,1.61888043,0
1505673916,21670198,51.26,1.61919625,1
1505673915,21670197,51.39,1.60728117,1
1505673915,21670196,51.40,1.60003528,1
1505673914,21670195,51.43,0.60852713,1
1505673914,21670194,51.43,1.00000000,1
1505673914,21670193,51.45,1.60481357,1
1505673914,21670192,51.46,1.60405581,1
1505673894,21670151,51.53,0.65000038,0
1505673894,21670150,51.50,15.61999962,0
1505673893,21670145,51.52,8.00644361,1
1505673799,21669975,51.50,1.61196348,1
1505673797,21669974,51.66,0.49992322,1
1505673797,21669973,51.66,1.10000000,0
1505673791,21669962,51.60,12.49755595,1
1505673791,21669961,51.60,1.61384405,1
1505673727,21669827,51.65,5.53624400,1
1505673720,21669794,51.65,15.45000000,1
1505673719,21669787,51.65,18.40522871,1
1505673715,21669778,51.65,0.60852713,0
1505673706,21669749,51.65,1.00000000,0
1505673659,21669695,51.68,1.59935207,0
1505673655,21669684,51.46,0.01380719,1
1505673653,21669681,51.41,5.45303439,1
1505673653,21669679,51.45,0.00755062,1
1505673653,21669678,51.45,1.59879735,1
1505673652,21669677,51.46,1.60569137,0
1505673652,21669676,51.47,0.48492627,0
1505673651,21669674,51.46,0.01507373,0
1505673644,21669666,51.50,1.40310576,0
1505673643,21669665,51.58,1.60231660,1
1505673643,21669663,51.63,1.10000000,1
1505673643,21669662,51.63,0.01700069,1
1505673642,21669661,51.63,1.58377076,1
1505673642,21669660,51.66,1.59414459,1
1505673642,21669657,51.67,1.59966160,1
1505673642,21669656,51.70,1.10000000,1
1505673583,21669548,51.68,1.87428500,1
1505673558,21669516,51.69,1.60572644,0
1505673555,21669513,51.83,0.49478724,1
1505673552,21669510,51.83,1.10000000,0
1505673551,21669509,51.67,0.00755062,0
1505673529,21669472,51.78,4.98500000,0
1505673327,21669321,51.80,21.91308900,1
1505673326,21669320,51.81,15.79036217,0
1505673326,21669319,51.81,16.54679400,1
1505673326,21669318,51.81,20.01000000,1
1505673325,21669314,51.80,1.60231660,1
1505673324,21669313,51.80,16.05052723,0
1505673311,21669290,51.80,2.96376818,0
1505673310,21669289,51.79,11.33623182,0
1505673285,21669276,51.83,1.59477129,0
1505673228,21669239,51.70,1.00000000,0
1505673227,21669238,51.70,2.00000000,0
1505673224,21669231,51.68,3.00000000,0
1505673220,21669226,51.69,3.00000000,0
1505673193,21669198,51.66,1.60728117,1
1505673190,21669196,51.85,1.10000000,1
1505673185,21669191,51.94,1.59019924,1
1505673185,21669189,51.83,0.00000043,0
1505673184,21669187,51.83,1.44859057,1
1505673183,21669182,51.83,0.14541749,1
1505673183,21669179,51.84,1.59237351,1
1505673169,21669162,51.89,1.58536646,1
1505673168,21669161,51.90,1.58926235,1
1505673161,21669129,51.96,0.49999990,1
1505673123,21669092,51.96,1.08951000,1
1505673120,21669091,51.95,0.80000000,1
1505673088,21669068,52.15,1.58469752,0
1505673073,21669064,52.22,1.58265501,0
1505673019,21668970,52.28,0.00077047,0
1505673019,21668969,52.28,1.57991000,0
1505673018,21668967,52.03,8.68600000,0
1505673018,21668966,52.03,10.20077030,0
1505673018,21668965,52.07,0.00341170,1
1505673016,21668964,52.28,1.57990535,1
1505673016,21668961,52.34,3.20768055,0
1505673016,21668960,52.30,1.58377076,0
1505673015,21668959,52.30,1.58713177,0
1505673015,21668958,52.28,1.58742070,0
1505673015,21668956,52.25,13.60000000,0
1505673015,21668954,52.24,2.72000000,0
1505673014,21668951,52.22,94.91600000,0
1505673014,21668950,52.22,166.86000000,0
1505673014,21668949,52.09,12.23435371,0
1505673011,21668938,52.09,4.13964629,0
1505672904,21668764,51.85,0.01700069,0
1505672894,21668742,52.25,1.58193624,0
1505672892,21668729,52.00,17.09647918,0
1505672891,21668719,52.00,15.62000000,0
1505672891,21668715,52.01,0.48882082,1
1505672891,21668713,52.01,1.10000000,1
1505672887,21668701,52.06,1.58742070,1
1505672887,21668700,52.07,4.93090557,1
1505672886,21668699,52.07,1.19448090,1
1505672886,21668698,52.08,1.58713177,1
1505672885,21668691,52.34,1.57779401,0
1505672884,21668684,52.07,2.14540700,1
1505672882,21668679,52.08,11.89213200,1
1505672879,21668661,52.07,1.58742100,1
1505672874,21668641,52.37,1.57834300,0
1505672872,21668628,52.18,0.94211529,1
1505672872,21668626,52.19,1.10000000,1
1505672869,21668608,52.25,1.10000000,1
1505672859,21668553,52.24,14.00000000,1
1505672853,21668516,52.23,14.51999992,1
1505672853,21668514,52.24,0.16631808,1
1505672853,21668513,52.25,1.10000000,1
1505672851,21668507,52.24,0.92711600,1
1505672846,21668498,52.44,1.57530568,0
1505672844,21668497,52.24,1.10000000,1
1505672841,21668496,52.18,0.64336704,1
1505672841,21668495,52.22,15.62000000,1
1505672841,21668494,52.22,1.57816929,1
1505672841,21668493,52.23,1.10000000,1
1505672827,21668473,52.50,1.57435596,0
1505672816,21668435,52.30,19.01429541,1
1505672816,21668434,52.36,1.57155160,1
1505672816,21668433,52.37,1.19240650,1
1505672810,21668425,52.43,1.57353556,1
1505672807,21668421,52.52,2.04678871,1
1505672804,21668402,52.52,2.83500100,1
1505672804,21668401,52.52,1.68000000,1
1505672800,21668381,52.52,0.47339428,1
1505672800,21668380,52.53,1.57339400,1
1505672799,21668370,52.53,4.11660600,1
1505672796,21668358,52.52,1.09999998,1
1505672796,21668355,52.64,0.00000002,1
1505672793,21668345,52.64,1.18576600,1
1505672791,21668332,52.52,1.10000000,0
1505672790,21668331,52.52,15.81000000,0
1505672789,21668328,52.37,0.38423000,0
1505672787,21668327,52.38,1.10000000,1
1505672675,21668210,52.50,0.62437158,1
1505672675,21668209,52.51,1.57405614,1
1505672675,21668208,52.52,1.10000000,1
1505672613,21668154,52.70,1.56817717,0
1505672611,21668151,52.51,1.57024739,1
1505672610,21668149,52.62,0.73495842,1
1505672558,21668093,52.66,22.39524528,0
1505672555,21668092,52.62,4.13430033,1
1505672555,21668091,52.62,4.86569967,1
1505672527,21668066,52.66,44.94291404,0
1505672520,21668051,52.65,18.62000000,1
1505672519,21668045,52.66,16.50000000,0
1505672515,21668032,52.67,17.42292293,0
1505672512,21668030,52.64,17.43293500,1
1505672508,21668022,52.66,1.45008462,1
1505672505,21668018,52.67,0.57696606,1
1505672489,21667995,52.67,0.99000688,1
1505672489,21667994,52.69,21.00999312,1
1505672474,21667959,52.69,8.00000000,0
1505672436,21667922,52.78,2.26847291,0
1505672433,21667920,52.72,4.66947900,1
1505672415,21667889,52.86,1.56371212,0
1505672408,21667885,52.66,0.11778000,1
1505672406,21667880,52.72,28.43379600,1
1505672403,21667877,52.67,1.56620377,1
1505672382,21667864,52.85,1.56394541,0
1505672381,21667863,52.72,168.97000000,0
1505672381,21667862,52.72,5.05532591,0
1505672335,21667823,52.72,1.56282516,0
1505672335,21667821,52.72,30.00000000,0
1505672335,21667820,52.72,1.56784893,1
1505672333,21667818,52.72,1.56102302,1
1505672322,21667800,52.71,32.57000000,1
1505672322,21667784,52.72,2.99398100,1
1505672310,21667735,52.69,26.01571794,1
1505672309,21667734,52.76,17.61000000,1
1505672309,21667733,52.77,71.17065406,1
1505672309,21667732,53.06,0.18755303,0
1505672309,21667731,53.04,1.37000000,0
1505672306,21667729,53.10,78.01958568,1
1505672306,21667728,53.09,109.00000000,0
1505672306,21667727,53.06,1.56436528,0
1505672305,21667726,53.05,0.00000023,0
1505672305,21667725,53.05,2.70365500,0
1505672305,21667722,53.05,1.55780656,0
1505672305,21667720,53.05,0.00689811,0
1505672305,21667716,53.03,1.56519263,0
1505672304,21667714,53.03,114.67028047,1
1505672304,21667710,53.02,92.00000000,0
1505672304,21667708,53.02,1.56558182,0
1505672304,21667706,53.02,0.00000014,0
1505672303,21667704,53.00,37.73170917,0
1505672303,21667701,53.00,3.51200000,0
1505672303,21667700,53.00,1.00000000,0
1505672303,21667699,53.00,9.94332727,0
1505672303,21667698,53.00,50.00000000,0
1505672303,21667696,53.00,60.01496600,1
1505672302,21667693,52.98,1.56648693,0
1505672302,21667692,52.95,1.56544097,0
1505672302,21667690,52.94,1.56787966,0
1505672302,21667688,52.93,1.56831840,0
1505672301,21667687,52.92,1.56859984,0
1505672301,21667686,52.92,1.56845929,0
1505672301,21667685,52.91,23.73221724,0
1505672301,21667684,52.90,0.46905510,0
1505672301,21667682,52.90,1.10000000,0
1505672301,21667681,52.90,4.90651051,1
1505672300,21667680,52.89,1.56950934,0
1505672300,21667679,52.89,1.29935269,0
1505672300,21667678,52.89,0.27000000,0
1505672300,21667677,52.89,0.00000031,0
1505672300,21667676,52.87,25.00000000,0
1505672299,21667675,52.81,24.00000000,0
1505672299,21667674,52.79,1.57255875,0
1505672299,21667673,52.79,1.57252798,0
1505672299,21667672,52.78,1.57270169,0
1505672298,21667670,52.75,1.57349041,0
1505672298,21667669,52.74,1.69000000,0
1505672298,21667668,52.74,66.20400000,0
1505672298,21667667,52.73,1.57320458,0
1505672297,21667665,52.72,1.57441885,0
1505672297,21667664,52.72,0.00000012,0
1505672297,21667663,52.71,0.00685501,0
1505672296,21667661,52.70,49.90000000,0
1505672296,21667660,52.67,110.28200000,0
1505672296,21667659,52.66,8.43000000,0
1505672296,21667658,52.66,46.49000000,0
1505672295,21667657,52.64,1.10000000,0
1505672273,21667644,52.51,1.10000000,1
1505672212,21667592,52.65,1.56950934,0
1505672211,21667590,52.50,16.00148842,1
1505672210,21667587,52.51,1.57270169,0
1505672209,21667585,52.51,4.60920889,1
1505672126,21667539,52.64,2.00000000,0
1505672016,21667437,52.50,3.37414000,1
1505672006,21667432,52.68,6.62889141,0
1505671849,21667215,52.68,0.46905510,1
1505671800,21667156,52.68,1.10000000,1
1505671795,21667142,52.33,45.21137657,0
1505671794,21667141,52.34,1.57320458,0
1505671794,21667140,52.50,1.57441885,1
1505671793,21667138,52.54,1.10000000,1
1505671745,21667112,52.69,1.00000000,0
1505671733,21667101,52.67,1.29935269,1
1505671730,21667096,52.69,9.78000000,1
1505671729,21667090,52.69,1.60983250,1
1505671726,21667080,52.69,9.78000000,0
1505671695,21667049,52.70,6.90223106,1
1505671667,21667030,52.70,20.00000000,1
1505671646,21667010,52.70,0.19193800,1
1505671645,21667008,52.70,0.19157100,1
1505671631,21666993,52.70,24.66153000,1
1505671624,21666976,52.70,0.00000034,0
1505671624,21666975,52.70,0.00313860,0
1505671624,21666974,52.68,9.22000000,0
1505671624,21666973,52.68,9.88469100,0
1505671624,21666971,52.68,28.94490000,0
1505671570,21666907,52.68,1.05510000,0
1505671566,21666889,52.69,2.30486000,0
1505671546,21666762,52.67,0.27000000,1
1505671522,21666756,52.68,0.00695735,0
1505671514,21666747,52.67,1.56914857,0
1505671514,21666746,52.65,0.00000016,0
1505671514,21666745,52.65,1.56608212,0
1505671514,21666744,52.61,0.01533015,0
1505671513,21666742,52.61,1.56255489,0
1505671512,21666741,52.56,0.00659411,0
1505671504,21666732,52.52,12.18955100,1
1505671480,21666702,52.55,10.95000000,0
1505671480,21666701,52.52,65.94027129,0
1505671455,21666682,52.53,1.57252798,1
1505671446,21666677,52.50,1.57827971,0
1505671446,21666676,52.40,0.94211529,0
1505671375,21666591,52.22,40.46000000,0
1505671333,21666517,52.40,0.64336704,0
1505671333,21666516,52.37,0.94211496,0
1505671331,21666515,52.37,20.48000000,0
1505671321,21666506,52.37,1.00000000,0
1505671288,21666476,52.37,1.57788504,0
1505671287,21666474,52.36,2.52821200,0
1505671285,21666471,52.36,24.47178800,0
1505671211,21666445,52.25,11.85263700,0
1505671164,21666423,52.25,13.14736300,0
1505671004,21666336,52.15,1.00000000,1
1505671000,21666334,52.28,1.57827983,1
1505670998,21666333,52.29,0.20254427,1
1505670969,21666307,52.29,14.27400000,1
1505670941,21666282,52.29,1.99437400,1
1505670928,21666255,52.29,5.38000000,1
1505670834,21666164,52.29,4.93500000,1
1505670816,21666150,52.29,1.57688100,1
1505670691,21666025,52.39,0.80118000,0
1505670672,21665996,52.42,1.57349041,0
1505670668,21665984,52.32,1.86000000,1
1505670567,21665862,52.07,9.88317000,1
1505670552,21665834,52.49,1.57473467,0
1505670542,21665820,52.08,1.59400806,1
1505670519,21665766,52.33,4.76991921,1
1505670517,21665756,52.34,1.84543370,0
1505670513,21665744,52.34,4.89027073,0
1505670512,21665739,52.34,1.57915286,1
1505670488,21665677,52.40,12.95575397,0
1505670475,21665648,52.43,0.00000016,1
1505670472,21665643,52.44,0.00000034,1
1505670472,21665642,52.45,1.57555719,0
1505670456,21665611,52.44,1.57145700,1
1505670446,21665597,52.43,1.56608212,1
1505670445,21665596,52.44,1.56914888,1
1505670351,21665475,52.70,9.70796963,1
1505670328,21665459,52.81,1.56519263,0
1505670314,21665449,52.69,1.56436528,0
1505670313,21665443,52.69,0.28637544,1
1505670313,21665442,52.69,1.54079456,0
1505670303,21665417,52.69,4.72920544,0
1505670302,21665410,52.69,1.75239274,0
1505670298,21665395,52.70,49.51844309,0
1505670295,21665376,52.69,9.69405958,0
1505670290,21665343,52.63,0.00000023,1
1505670289,21665336,52.63,2.70365500,1
1505670194,21665139,52.64,0.50000000,1
1505670179,21665123,52.69,20.43309609,0
1505670179,21665121,52.70,1.56845929,1
1505670179,21665120,52.71,1.56544097,1
1505670178,21665119,52.72,5.52677865,1
1505670176,21665117,52.74,12.65000000,0
1505670176,21665115,52.74,1.56648693,1
1505670168,21665101,52.76,45.73355900,1
1505670165,21665100,52.99,1.55987588,0
1505670163,21665097,52.72,1.56845929,1
1505670162,21665096,52.72,1.56544097,1
1505670088,21664953,52.92,0.00417827,1
1505670087,21664950,52.92,1.55771405,0
1505670087,21664949,52.79,1.55780656,1
1505670085,21664948,52.92,0.00419639,1
1505670083,21664940,52.92,1.55772685,1
1505670066,21664910,52.63,1.57734467,0
1505669914,21664618,52.56,1.57247993,1
1505669895,21664513,52.47,1.58196756,0
1505669895,21664512,52.45,0.00000044,0
1505669895,21664509,52.43,1.58316634,0
1505669894,21664507,52.40,0.00666621,0
1505669834,21664272,52.28,0.00661048,0
1505669834,21664270,52.28,0.48774150,0
1505669834,21664268,52.28,1.10000000,0
1505669833,21664262,52.28,0.28100251,0
1505669832,21664261,52.26,0.00000031,0
1505669822,21664233,52.26,1.58830090,0
1505669822,21664232,52.25,3.30803210,0
1505669815,21664194,52.25,1.58196790,0
1505669806,21664145,52.23,1.58923699,0
1505669806,21664144,52.22,1.58949400,0
1505669805,21664142,52.22,0.48967601,0
1505669805,21664141,52.22,1.10000000,0
1505669805,21664138,52.20,41.75635695,0
1505669803,21664126,52.20,5.56915500,0
1505669803,21664124,52.19,5.82000000,0
1505669762,21664005,52.20,1.39734200,0
1505669761,21664002,52.19,3.45000000,0
1505669757,21663997,52.20,21.80000000,0
1505669753,21663979,52.20,1.58316634,0
1505669750,21663976,52.20,37.89397971,0
1505669750,21663975,52.18,0.00686129,0
1505669743,21663951,52.14,1.40212471,0
1505669743,21663950,52.14,1.59138952,0
1505669743,21663949,52.13,0.00554582,0
1505669743,21663948,52.13,1.59232947,0
1505669739,21663942,52.11,1.59302789,0
1505669739,21663940,52.11,1.59292726,0
1505669738,21663938,52.10,0.07052497,0
1505669737,21663931,52.10,0.24000000,0
1505669737,21663930,52.10,0.28000000,0
1505669737,21663929,52.10,1.00267745,0
1505669737,21663928,52.09,1.59355741,0
1505669737,21663927,52.07,1.59412424,0
1505669722,21663900,52.05,1.31374139,0
1505669722,21663899,52.05,0.00080392,0
1505669722,21663898,52.05,1.59386469,0
1505669721,21663897,52.03,1.59538691,0
1505669721,21663896,52.02,0.00000001,0
1505669721,21663894,52.02,1.58867700,0
1505669721,21663891,52.02,0.00686292,0
1505669720,21663889,52.01,1.59601367,0
1505669720,21663886,52.01,0.00000531,0
1505669698,21663869,52.00,26.01542454,0
1505669685,21663857,52.00,4.39158000,0
1505669669,21663846,52.00,3.25756800,0
1505669641,21663825,52.00,1.51796500,0
1505669537,21663761,51.93,12.98402673,0
1505669535,21663759,51.99,0.98000000,1
1505669502,21663735,52.00,50.17018700,0
1505669502,21663734,52.00,1.59601900,0
1505669493,21663720,52.00,31.11975300,0
1505669492,21663718,52.00,1.59601900,0
1505669487,21663707,52.00,1.17756000,0
1505669486,21663704,52.00,1.02522500,0
1505669486,21663703,51.99,0.26398100,0
1505669484,21663697,51.99,1.59601900,0
1505669481,21663692,52.00,1.59601900,0
1505669474,21663680,52.00,76.53668046,0
1505669473,21663679,52.00,4.14927854,0
1505669473,21663678,51.99,2.20000000,0
1505669466,21663664,52.00,7.79618266,0
1505669466,21663663,52.00,27.12189434,0
1505669463,21663657,52.00,1.58949400,0
1505669458,21663650,52.00,9.73843563,0
1505669458,21663649,51.99,3.23000000,0
1505669458,21663648,51.97,3.14730837,0
1505669456,21663642,52.00,68.94029300,0
1505669455,21663641,51.99,3.23000000,0
1505669455,21663640,51.99,0.26677850,0
1505669455,21663639,51.99,0.30049399,0
1505669455,21663638,51.99,1.02242708,0
1505669455,21663637,51.99,0.26677892,0
1505669448,21663628,51.98,4.07000000,0
1505669364,21663515,51.96,1.58923743,0
1505669345,21663499,51.90,1.59861582,0
1505669345,21663498,51.88,0.00000018,0
1505669345,21663497,51.88,1.60001909,0
1505669344,21663496,51.88,1.25209066,0
1505669344,21663495,51.82,0.00000025,0
1505669340,21663485,51.82,3.04444300,0
1505669340,21663484,51.82,5.05510700,0
1505669309,21663439,51.82,7.45072600,0
1505669276,21663403,51.82,66.51578922,0
1505669276,21663402,51.82,61.63221078,0
1505669276,21663401,51.81,3.83000000,0
1505669246,21663393,51.81,1.64113000,0
1505669246,21663392,51.80,0.85000000,0
1505669152,21663233,51.81,1.00000000,1
1505669146,21663232,51.82,3.57003600,0
1505669141,21663227,51.82,1.06902475,0
1505669141,21663224,51.81,3.69280338,0
1505669140,21663221,51.81,1.86719662,0
1505669139,21663215,51.82,3.05748590,0
1505669136,21663200,51.82,0.02559745,0
1505669136,21663199,51.81,5.20440255,0
1505669135,21663192,51.81,0.72503715,0
1505669135,21663191,51.81,0.68056030,0
1505669093,21663146,51.80,1.37000000,0
1505669040,21663101,51.81,1.83752684,0
1505669036,21663089,51.77,10.83620060,0
1505669036,21663088,51.77,2.30000000,0
1505668993,21662988,51.81,13.63999986,0
1505668993,21662987,51.80,0.00000514,0
1505668987,21662966,51.80,5.49370100,0
1505668866,21662862,51.79,1.05232100,0
1505668757,21662792,51.66,1.40212471,1
1505668755,21662791,51.68,1.59787529,1
1505668010,21662414,51.82,13.62099575,0
1505667771,21662272,51.84,1.59302789,0
1505667768,21662271,51.85,1.59412424,0
1505667745,21662255,51.66,1.60001927,0
1505667744,21662254,51.66,1.59861596,1
1505667704,21662224,51.82,1.59474390,0
1505667623,21662192,51.84,0.49435198,0
1505667623,21662191,51.71,1.10000000,0
1505667580,21662160,51.65,1.25209066,0
1505667579,21662159,51.65,8.82790934,1
1505667571,21662156,51.79,0.69299092,1
1505667569,21662155,51.77,1.10000000,0
1505667477,21662133,51.80,0.48967601,0
1505667477,21662132,51.74,1.10000000,0
1505667429,21662113,51.93,1.59087217,0
1505667428,21662112,51.81,0.00080392,1
1505667426,21662111,51.61,1.60245279,0
1505667337,21662036,51.60,1.60245279,0
1505667191,21661911,51.60,1.10000000,0
1505667146,21661890,51.39,26.25468252,0
1505667146,21661889,51.39,1.60245279,0
1505667144,21661888,51.59,1.59386469,1
1505667120,21661876,51.86,1.59355741,0
1505667119,21661875,51.99,71.85259075,1
1505667118,21661874,51.98,1.59701183,0
1505667118,21661873,51.97,0.00338566,0
1505667118,21661872,51.97,1.59318600,0
1505667117,21661871,51.96,1.59318648,0
1505667117,21661870,51.87,1.60019054,0
1505667117,21661869,51.81,1.60224632,0
1505667117,21661868,51.79,1.60281163,0
1505667116,21661867,51.78,1.60296824,0
1505667116,21661866,51.77,1.60344952,0
1505667116,21661865,51.77,1.60344952,0
1505667115,21661864,51.75,19.31273060,0
1505667115,21661863,51.73,1.59993923,0
1505667115,21661862,51.72,0.49325651,0
1505667115,21661861,51.72,1.11131618,0
1505667114,21661860,51.71,1.60120083,0
1505667114,21661859,51.70,2.74007853,0
1505667114,21661858,51.70,1.60562981,0
1505667114,21661857,51.69,1.13000000,0
1505667113,21661856,51.68,1.60553343,0
1505667113,21661855,51.66,8.84846144,0
1505667113,21661854,51.64,1.60563103,0
1505667112,21661853,51.63,5.66000000,0
1505667112,21661852,51.61,1.28712648,0
1505667112,21661851,51.61,0.32000000,0
1505667112,21661850,51.61,1.60674745,0
1505667112,21661849,51.58,1.60407186,0
1505667110,21661848,51.57,0.30370564,0
1505667110,21661847,51.57,1.30345300,0
1505667110,21661846,51.57,0.00664149,0
1505666993,21661791,51.55,1.75632000,0
1505666953,21661748,51.33,0.05992147,0
1505666953,21661747,51.34,2.74007853,1
1505666952,21661746,51.39,1.10000000,0
1505666951,21661745,51.39,1.10000000,1
1505666908,21661707,51.50,10.07184466,0
1505666843,21661645,51.55,1.60344952,1
1505666813,21661637,51.50,13.26343600,0
1505666777,21661627,51.35,0.30370564,1
1505666765,21661616,51.36,1.10000000,0
1505666750,21661606,51.39,1.28712648,1
1505666719,21661581,51.39,0.32000000,1
1505666687,21661563,51.55,1.60296824,1
1505666661,21661538,51.35,1.30345300,1
1505666661,21661534,51.37,1.60563103,1
1505666659,21661533,51.38,31.02347520,1
1505666656,21661531,51.38,1.10000000,1
1505666634,21661522,51.38,1.10000000,1
1505666602,21661506,51.44,1.45431571,0
1505666596,21661470,51.48,1.60344952,0
1505666559,21661457,51.54,1.60224632,0
1505666547,21661448,51.34,1.60945312,1
1505666546,21661445,51.37,1.10000000,0
1505666544,21661437,51.35,8.87072696,1
1505666541,21661435,51.36,1.60407186,1
1505666537,21661434,51.37,1.60674745,1
1505666479,21661368,51.63,1.60019054,0
1505666432,21661337,51.48,1.60562981,0
1505666428,21661324,51.33,1.98000000,1
1505666425,21661304,51.34,1.11796157,0
1505666424,21661302,51.45,0.00000343,1
1505666423,21661288,51.45,0.31999657,1
1505666423,21661287,51.46,1.60553343,1
1505666409,21661254,51.48,1.60120083,1
1505666407,21661253,51.49,0.49325651,1
1505666407,21661250,51.49,1.11131618,1
1505666141,21661053,51.72,1.59701183,1
1505666137,21661052,51.50,16.26048935,0
1505666137,21661051,51.50,24.56457142,1
1505666137,21661050,51.51,1.59993923,1
1505666137,21661049,51.55,15.34000000,1
1505666137,21661048,51.55,1.10000000,1
1505666059,21661018,51.50,4.88642858,1
1505666059,21661017,51.52,18.74000000,1
1505666059,21661016,51.53,1.59318642,1
1505666048,21660998,51.52,11.82758300,1
1505666038,21660994,51.57,1.31245202,1
1505666038,21660993,51.73,0.26677850,1
1505666038,21660992,51.74,1.59318648,1
1505666023,21660988,51.75,0.00338566,1
1505666022,21660987,51.75,1.59318600,1
1505665992,21660977,51.73,1.32292107,1
1505665992,21660976,51.76,0.26677892,1
1505665992,21660975,51.79,0.00000001,1
1505665980,21660972,51.79,1.58867700,1
1505665979,21660971,51.80,9.57590203,1
1505665979,21660970,51.80,1.51815203,1
1505665979,21660969,51.88,0.07052497,1
1505665950,21660949,51.89,1.59138952,1
1505665929,21660934,51.89,15.62000000,0
1505665928,21660931,52.00,11.18337863,0
1505665928,21660930,51.99,3.77912137,0
1505665927,21660929,52.00,1.58830121,0
1505665925,21660928,52.00,29.83820319,0
1505665925,21660927,51.99,1.32970176,0
1505665925,21660926,51.99,0.00690762,0
1505665925,21660925,51.96,1.59752935,0
1505665925,21660924,51.94,1.59809914,0
1505665925,21660922,51.92,1.59879735,0
1505665925,21660921,51.89,1.58572358,0
1505665925,21660920,51.89,0.00000034,0
1505665925,21660919,51.89,0.00676716,0
1505665924,21660918,51.89,0.00732560,0
1505665924,21660917,51.89,1.59284524,0
1505665924,21660916,51.89,0.00690740,0
1505665924,21660915,51.89,10.83119227,0
1505665913,21660875,51.89,39.63478500,0
1505665906,21660871,51.88,0.24000000,1
1505665905,21660869,51.89,1.59292726,0
1505665901,21660859,51.88,0.28000000,0
1505665895,21660830,51.88,0.59730000,0
1505665895,21660829,51.87,1.58543757,0
1505665895,21660828,51.87,0.01494040,0
1505665895,21660827,51.84,0.57713101,0
1505665895,21660826,51.84,0.42286903,0
1505665890,21660817,51.84,0.58613097,0
1505665889,21660816,51.84,0.00691263,0
1505665889,21660815,51.84,0.00815140,0
1505665889,21660814,51.83,1.60153733,0
1505665889,21660813,51.81,0.84032267,0
1505665888,21660811,51.81,0.76126273,0
1505665888,21660810,51.81,0.83993227,0
1505665880,21660795,51.80,0.46000000,1
1505665878,21660793,51.81,1.00000000,0
1505665765,21660653,51.81,3.29402856,0
1505665760,21660641,51.81,1.59538691,0
1505665741,21660612,51.76,0.27405887,0
1505665740,21660611,51.75,1.60409427,0
1505665740,21660610,51.74,0.00685386,0
1505665725,21660594,51.73,1.59048504,0
1505665725,21660593,51.73,0.00729583,0
1505665725,21660591,51.72,0.00690713,0
1505665724,21660588,51.62,1.33300000,1
1505665718,21660580,51.72,1.60492598,0
1505665718,21660579,51.72,1.60490992,0
1505665718,21660578,51.72,2.08863734,0
1505665718,21660577,51.70,1.60568198,0
1505665718,21660575,51.70,5.40120265,0
1505665715,21660568,51.70,1.59879735,0
1505665710,21660558,51.66,1.09300388,0
1505665710,21660557,51.66,0.51387448,0
1505665710,21660556,51.66,2.00000000,0
1505665710,21660555,51.66,1.60686228,0
1505665710,21660554,51.65,0.01461932,0
1505665701,21660541,51.61,1.60153733,0
1505665700,21660540,51.61,1.27300000,0
1505665700,21660539,51.61,21.63718907,0
1505665700,21660538,51.61,3.24043400,0
1505665699,21660537,51.61,0.01796233,0
1505665699,21660536,51.58,0.00141460,0
1505665699,21660535,51.56,0.00300000,0
1505665676,21660501,51.45,1.18369100,0
1505665676,21660496,51.45,2.04314900,0
1505665676,21660495,51.45,0.42902600,0
1505665663,21660469,51.45,1.18369100,0
1505665641,21660460,51.41,0.46000000,1
1505665641,21660459,51.41,0.00000009,0
1505665634,21660456,51.41,66.78482300,0
1505665634,21660455,51.40,7.58163300,0
1505665545,21660389,51.44,22.43680972,0
1505665468,21660358,51.37,0.50000000,1
1505665448,21660341,51.44,1.09300388,1
1505665447,21660339,51.47,1.59739266,1
1505665432,21660317,51.48,0.57000000,0
1505665418,21660308,51.49,0.45000000,0
1505665369,21660244,51.48,1.40000000,0
1505665269,21660184,51.49,2.02131313,0
1505665266,21660182,51.48,1.88131313,0
1505665221,21660103,51.49,0.08000000,0
1505665212,21660087,51.49,5.62213314,0
1505665202,21660061,51.48,1.00000000,0
1505665182,21659993,51.49,1.00000000,0
1505665164,21659978,51.49,1.60492092,0
1505665153,21659961,51.49,4.73000000,1
1505665127,21659862,51.50,1.60500627,0
1505665126,21659857,51.50,20.38829895,1
1505665125,21659854,51.50,13.13052000,1
1505665125,21659852,51.50,14.81043200,1
1505665125,21659851,51.50,42.76617400,1
1505665124,21659844,51.50,24.54590400,1
1505665121,21659836,51.50,7.04796600,1
1505665117,21659820,51.50,16.74041957,1
1505665099,21659783,51.50,9.38800000,1
1505665095,21659781,51.50,6.26994600,1
1505665083,21659737,51.52,1.60438321,1
1505665072,21659708,51.54,3.67473400,1
1505665068,21659682,51.54,3.48150000,1
1505665063,21659659,51.56,1.60000000,0
1505664995,21659500,51.56,1.60287659,1
1505664981,21659471,51.58,1.60158540,1
1505664981,21659470,51.58,0.27841460,1
1505664981,21659469,51.59,1.60158540,1
1505664973,21659428,51.61,0.88503767,1
1505664973,21659424,51.61,0.01756243,1
1505664973,21659423,51.62,1.58543757,1
1505664950,21659330,51.61,1.60831134,0
1505664950,21659329,51.61,0.03409413,0
1505664950,21659327,51.61,0.59201333,0
1505664949,21659324,51.61,1.01641235,0
1505664949,21659322,51.61,1.60844177,0
1505664949,21659321,51.61,0.70568998,0
1505664949,21659319,51.61,0.90260527,0
1505664949,21659318,51.59,0.69054805,0
1505664949,21659317,51.59,0.91851994,0
1505664949,21659316,51.59,1.60905189,0
1505664948,21659313,51.58,0.00000585,0
1505664948,21659304,51.58,1.58195474,0
1505664948,21659301,51.58,0.02730798,0
1505664947,21659300,51.58,1.60938128,0
1505664943,21659275,51.56,1.59896866,0
1505664943,21659271,51.56,0.01082486,0
1505664943,21659267,51.56,0.60070948,0
1505664942,21659264,51.56,1.00918600,0
1505664930,21659227,51.54,1.60376063,0
1505664926,21659199,51.55,1.61028783,0
1505664925,21659194,51.54,7.08000000,0
1505664925,21659192,51.52,0.00000505,0
1505664923,21659174,51.52,1.33044056,0
1505664923,21659171,51.52,0.28076907,0
1505664923,21659169,51.52,0.00720937,0
1505664918,21659142,51.50,1.61183542,0
1505664917,21659139,51.50,1.61176266,0
1505664917,21659138,51.50,1.98480000,0
1505664917,21659137,51.50,1.61189202,0
1505664917,21659134,51.50,17.60944663,0
1505664915,21659119,51.50,1.60492598,0
1505664912,21659105,51.50,1.60490992,0
1505664910,21659100,51.49,0.00001086,0
1505664910,21659094,51.49,8.73998914,0
1505664910,21659092,51.49,0.51214986,0
1505664910,21659091,51.49,1.10000000,0
1505664909,21659089,51.48,0.00000500,0
1505664909,21659082,51.48,1.74999500,0
1505664903,21659055,51.47,1.60542678,0
1505664902,21659051,51.46,0.00729022,0
1505664902,21659045,51.46,0.06720151,0
1505664902,21659043,51.46,1.54568784,0
1505664901,21659042,51.46,0.00004315,0
1505664901,21659038,51.45,0.00774333,0
1505664895,21659019,51.44,1.09990574,0
1505664895,21659018,51.43,0.51386926,0
1505664895,21659014,51.43,1.10000000,0
1505664894,21659011,51.40,1.61502532,0
1505664894,21659010,51.40,0.72090669,0
1505664894,21659009,51.40,0.88672850,0
1505664893,21659007,51.37,0.51575610,0
1505664893,21659006,51.37,1.10000000,0
1505664893,21659005,51.37,0.02113740,0
1505664893,21659003,51.37,0.49481283,0
1505664893,21659002,51.37,1.10000000,0
1505664893,21659001,51.37,0.00496016,0
1505664871,21658906,51.36,1.58899673,0
1505664871,21658904,51.34,0.02095027,0
1505664866,21658879,51.34,1.59598679,0
1505664865,21658878,51.34,0.01788221,0
1505664856,21658822,51.34,1.02016640,0
1505664856,21658819,51.34,0.58594580,0
1505664856,21658816,51.34,1.61654880,0
1505664854,21658807,51.34,1.61464520,0
1505664854,21658803,51.31,1.61779851,0
1505664854,21658800,51.31,1.61774284,0
1505664854,21658799,51.30,1.60997254,0
1505664853,21658797,51.30,0.00800615,0
1505664853,21658795,51.30,1.61818924,0
1505664852,21658792,51.29,1.61567385,0
1505664847,21658770,51.29,0.00267736,0
1505664847,21658768,51.28,0.51589095,0
1505664847,21658765,51.28,1.10276800,0
1505664847,21658762,51.28,0.28638712,0
1505664839,21658687,51.28,0.23791535,0
1505664838,21658685,51.28,1.10000000,0
1505664838,21658682,51.28,1.61877472,0
1505664838,21658680,51.27,0.51915422,0
1505664838,21658678,51.27,1.10000000,0
1505664838,21658674,51.27,0.00710820,0
1505664838,21658670,51.25,0.00706620,0
1505664829,21658583,51.24,2.15000000,0
1505664782,21658449,51.22,1.61378022,0
1505664780,21658438,51.22,0.52348013,0
1505664780,21658437,51.17,0.84175387,0
1505664779,21658422,51.17,0.77359568,0
1505664779,21658416,51.17,0.00000022,0
1505664779,21658414,51.17,1.62226700,0
1505664779,21658410,51.17,0.23413710,0
1505664778,21658402,51.17,1.38782800,0
1505664778,21658398,51.16,1.42264839,0
1505664778,21658394,51.16,0.20000000,0
1505664778,21658392,51.15,1.62156289,0
1505664772,21658363,51.10,156.99124869,0
1505664772,21658362,51.09,13.14000000,0
1505664763,21658296,51.09,2.36000000,0
1505664746,21658204,51.08,1.61779851,0
1505664742,21658181,51.06,1.60997254,1
1505664729,21658154,51.06,0.22707880,0
1505664729,21658153,51.06,0.28740000,0
1505664729,21658152,51.06,1.61870062,0
1505664729,21658148,51.04,1.62635736,0
1505664728,21658146,51.01,3.57364264,0
1505664728,21658145,51.01,1.62635736,0
1505664588,21657876,51.03,1.61978881,0
1505664586,21657875,50.87,3.00000000,0
1505664570,21657867,50.81,1.62368000,1
1505664570,21657866,50.82,1.10000000,1
1505664388,21657731,50.82,1.10000000,1
1505664302,21657669,50.80,1.10000000,1
1505664287,21657655,51.00,0.07449173,1
1505664287,21657654,51.00,1.54568784,1
1505664286,21657651,51.00,0.00004315,0
1505664283,21657642,50.80,1.62635736,0
1505664279,21657638,50.80,5.19717184,1
1505664279,21657637,50.80,21.10582616,1
1505664279,21657635,50.80,44.06402100,1
1505664269,21657619,50.80,30.37090900,1
1505664261,21657598,50.80,4.45924384,1
1505664261,21657596,50.81,8.07000000,1
1505664260,21657595,50.81,0.22975616,1
1505664260,21657594,50.86,1.10000000,1
1505664254,21657574,50.81,0.28740000,1
1505664254,21657573,50.85,1.10000000,1
1505664235,21657555,50.83,1.61870062,1
1505664233,21657554,50.84,1.10000000,1
1505664131,21657452,51.00,1.88780886,1
1505664121,21657443,51.00,60.36240000,1
1505664120,21657442,51.00,17.66442500,1
1505664120,21657441,51.00,8.49501200,1
1505664059,21657410,51.03,40.11000000,0
1505664058,21657409,51.02,58.89000000,0
1505664053,21657408,51.06,0.51589095,1
1505664051,21657407,51.01,1.61715600,0
1505663946,21657367,50.81,1.10276800,1
1505663927,21657361,50.79,1.61715600,1
1505663926,21657359,50.80,1.10000000,1
1505663900,21657332,51.12,1.61693706,0
1505663804,21657285,51.12,1.61685618,0
1505663795,21657283,51.13,1.61605472,0
1505663648,21657099,50.89,36.84821900,1
1505663648,21657098,50.89,28.55757911,1
1505663648,21657097,50.90,1.62156289,1
1505663648,21657096,50.91,15.02000000,1
1505663647,21657095,50.91,1.00000000,1
1505663646,21657094,50.91,1.42264839,1
1505663645,21657093,51.05,0.51915422,0
1505663645,21657092,51.04,1.10000000,0
1505663644,21657091,50.91,0.20000000,0
1505663643,21657090,50.91,0.80000000,1
1505663598,21657075,50.91,0.30000000,1
1505663576,21657063,51.12,1.03099126,1
1505663575,21657062,51.12,0.58594580,0
1505663572,21657058,50.94,1.61534955,1
1505663572,21657057,50.95,0.00000022,1
1505663469,21657029,50.95,1.62226700,1
1505663225,21656877,51.07,1.61774284,0
1505663222,21656874,50.95,0.23413710,1
1505663222,21656873,50.95,1.38782800,1
1505663167,21656859,51.14,1.61630471,0
1505663121,21656784,51.05,1.61683273,1
1505662760,21656368,51.26,0.51214986,1
1505662759,21656367,51.26,1.10000000,0
1505662758,21656366,51.11,1.55920000,0
1505662758,21656365,51.11,1.10000000,0
1505662751,21656353,51.11,39.00000000,1
1505662751,21656352,51.12,4.77000000,1
1505662751,21656351,51.13,1.10000000,1
1505662509,21656138,51.25,1.10000000,1
1505662503,21656128,51.26,0.00745211,0
1505662498,21656125,51.19,1.10000000,1
1505662494,21656123,51.21,0.00707020,0
1505662491,21656119,51.20,0.60328838,0
1505662491,21656118,51.20,0.00790348,0
1505662489,21656117,51.19,1.10000000,1
1505662436,21656052,51.13,0.27108000,1
1505662429,21656038,51.11,38.99941304,1
1505662427,21656036,51.05,1.09999968,1
1505662427,21656034,51.12,0.00000032,1
1505662424,21656026,51.12,19.54440500,1
1505662419,21656010,51.12,19.45559468,1
1505662415,21655989,51.05,3.15808726,1
1505662415,21655988,51.05,0.28076907,1
1505662415,21655987,51.11,0.00044996,1
1505662414,21655985,51.12,0.00057971,1
1505662404,21655950,51.12,5.57589985,1
1505662394,21655935,51.11,1.09955004,1
1505662394,21655934,51.12,0.00023474,1
1505662394,21655931,51.12,1.09976526,1
1505662388,21655917,51.18,1.61502532,0
1505662382,21655897,51.11,37.90000000,1
1505662382,21655896,51.13,1.10000000,1
1505662377,21655893,51.12,1.10807660,0
1505662373,21655886,51.11,1.10000000,0
1505662369,21655881,51.09,0.37527895,1
1505662366,21655878,51.09,1.62472091,0
1505662362,21655876,51.06,1.62580977,0
1505662362,21655875,51.06,0.00372718,0
1505662353,21655871,51.03,1.10000000,0
1505662351,21655870,51.05,1.38400107,0
1505662351,21655869,51.05,0.00424574,0
1505662350,21655868,51.04,4.34847610,1
1505662349,21655867,51.04,4.34847610,0
1505662314,21655849,51.04,0.37802372,0
1505662314,21655848,51.04,1.62197628,0
1505662125,21655757,51.04,1.61877472,0
1505662014,21655719,51.02,1.61921477,0
1505661873,21655684,50.83,1.09999977,0
1505661768,21655624,50.82,1.96674500,1
1505661761,21655611,50.84,1.62580977,1
1505661741,21655581,50.83,1.62191642,1
1505661739,21655577,50.83,0.00424574,1
1505661739,21655576,50.84,1.62191642,1
1505661636,21655466,51.05,1.61894362,0
1505661635,21655461,51.09,5.47345979,1
1505661635,21655460,51.08,1.62118279,0
1505661634,21655459,51.07,1.62517044,0
1505661634,21655458,51.06,1.62584230,0
1505661634,21655457,51.06,1.61906070,0
1505661634,21655456,51.06,0.00677606,0
1505661634,21655455,51.05,1.61909286,0
1505661633,21655454,51.05,0.00706930,0
1505661633,21655453,51.05,1.62615121,0
1505661633,21655452,51.03,1.10000000,0
1505661633,21655451,51.03,0.00167213,0
1505661633,21655450,51.02,1.62695438,0
1505661632,21655449,51.02,1.62364999,0
1505661632,21655448,51.02,0.00000033,0
1505661632,21655447,51.02,0.00345590,0
1505661632,21655446,51.02,1.62704110,0
1505661632,21655444,51.01,3.75044109,1
1505661630,21655442,50.96,1.10000000,0
1505661581,21655382,50.98,1.62132879,0
1505661580,21655371,50.97,0.52093946,0
1505661580,21655370,50.83,1.10000000,0
1505661578,21655365,51.02,13.36495491,1
1505661577,21655364,51.01,1.62744286,0
1505661577,21655363,51.00,15.00356174,0
1505661577,21655362,51.00,1.62774706,0
1505661576,21655360,50.98,1.62829682,0
1505661576,21655359,50.96,1.62878718,0
1505661576,21655357,50.95,1.62918347,0
1505661575,21655356,50.94,1.62959110,0
1505661575,21655355,50.92,0.00448932,0
1505661575,21655354,50.92,1.62577724,0
1505661575,21655351,50.91,0.53052997,0
1505661575,21655350,50.91,1.10000000,0
1505661574,21655348,50.89,0.10861248,0
1505661574,21655346,50.89,1.52236271,0
1505661574,21655345,50.84,0.00704975,0
1505661572,21655337,50.82,10.00000000,1
1505661548,21655305,50.83,0.00002326,0
1505661542,21655300,50.83,1.09997674,0
1505661173,21655134,50.83,1.61909286,1
1505661087,21655081,50.81,1.10000000,1
1505661074,21655071,50.78,0.00353369,0
1505661060,21655039,50.76,1.81019100,0
1505661057,21655028,50.70,3.17351539,1
1505661028,21655024,50.68,1.63080744,0
1505661028,21655023,50.68,1.63505507,0
1505661020,21655021,50.67,0.56947003,0
1505661014,21655016,50.67,0.53052997,1
1505661004,21655013,50.67,1.10000000,0
1505660997,21655011,50.63,0.54682539,0
1505660967,21654943,50.62,1.62613000,1
1505660915,21654934,50.47,0.00454131,0
1505660913,21654933,50.47,1.64000000,0
1505660909,21654932,50.45,42.39603874,0
1505660855,21654873,50.42,1.10000000,1
1505660851,21654870,50.45,1.90866393,0
1505660845,21654865,50.45,32.72453202,0
1505660844,21654864,50.45,1.10000000,0
1505660843,21654861,50.45,1.63080744,1
1505660843,21654860,50.46,1.63505507,1
1505660621,21654714,50.56,1.63128075,1
1505660621,21654713,50.57,1.10000000,1
1505660322,21654535,50.78,1.62695438,0
1505660018,21654363,50.68,0.12391476,0
1505659659,21654237,50.79,1.62744286,0
1505659498,21654091,50.75,15.00000000,0
1505659463,21654072,50.49,4.00000100,1
1505659342,21653942,50.65,1.06343500,1
1505658964,21653770,50.58,1.10999966,0
1505658964,21653768,50.59,1.10000000,1
1505658964,21653767,50.59,1.62782334,1
1505658947,21653752,50.75,1.10000000,1
1505658886,21653732,50.80,0.87362205,0
1505658870,21653725,50.74,1.10000000,1
1505658861,21653713,50.70,83.49521894,1
1505658860,21653712,50.70,65.40478106,1
1505658860,21653711,50.73,1.10000000,1
1505658824,21653687,50.86,1.10000000,1
1505658812,21653673,50.80,1.62364999,1
1505658809,21653670,50.85,1.10000000,1
1505658713,21653593,50.88,1.62383270,0
1505658696,21653493,50.76,15.62000000,0
1505658696,21653492,50.76,1.62776335,0
1505658689,21653478,50.70,21.89268300,1
1505658689,21653476,50.70,9.97364500,1
1505658688,21653470,50.70,11.64431300,1
1505658688,21653468,50.70,7.96568700,1
1505658688,21653466,50.70,1.59871400,1
1505658687,21653464,50.70,7.26603800,1
1505658687,21653463,50.70,6.94278800,1
1505658687,21653461,50.70,8.71613200,1
1505658683,21653450,50.72,20.49500000,0
1505658682,21653449,50.71,15.62000000,0
1505658666,21653429,50.74,1.62829682,1
1505658517,21653371,50.71,1.62959110,0
1505658436,21653339,50.71,1.62918347,0
1505658432,21653336,50.56,0.00000033,1
1505658431,21653333,50.56,1.63049700,1
1505658428,21653327,50.57,1.10000000,1
1505658376,21653295,50.44,28.72223665,1
1505658376,21653294,50.45,9.65000000,1
1505658376,21653293,50.54,1.62776335,1
1505658343,21653274,50.80,1.62472091,0
1505658342,21653273,50.87,46.05818950,1
1505658342,21653272,50.87,15.77000000,1
1505658342,21653271,50.84,1.90706110,0
1505658341,21653270,50.71,1.63620835,0
1505658341,21653269,50.71,0.00141414,0
1505658341,21653268,50.63,1.63739443,0
1505658340,21653266,50.62,10.43542800,1
1505658339,21653263,50.62,1.10000000,0
1505658329,21653248,50.57,8.41000000,0
1505658326,21653242,50.52,14.28194100,1
1505658325,21653240,50.57,35.00000000,0
1505658325,21653238,50.52,34.44493800,1
1505658322,21653236,50.57,9.30000000,1
1505658321,21653235,50.58,9.30000000,1
1505658254,21653169,50.50,13.34536257,0
1505658254,21653168,50.49,60.38138752,0
1505658251,21653151,50.50,20.65463743,0
1505658250,21653150,50.49,1.62128792,0
1505658250,21653149,50.49,11.72407465,0
1505658216,21653057,50.35,23.48938557,1
1505658216,21653055,50.38,1.63739443,1
1505658215,21653050,50.39,9.88844800,1
1505658214,21653036,50.68,0.10861248,1
1505658213,21653024,50.68,1.52236271,1
1505658208,21653003,50.46,1.63620835,1
1505658204,21652978,50.70,0.00448932,1
1505658200,21652938,50.45,2.87975000,1
1505658198,21652933,50.37,51.17903100,1
1505658198,21652931,50.37,53.00375200,1
1505658197,21652914,50.45,1.63020132,0
1505658197,21652903,50.48,4.53900000,1
1505658196,21652898,50.48,1.53756100,1
1505658195,21652888,50.45,2.32203200,1
1505658195,21652884,50.45,94.67796800,1
1505658195,21652879,50.45,1.40110099,1
1505658195,21652877,50.45,4.40810100,1
1505658194,21652868,50.48,52.22977724,1
1505658194,21652864,50.48,2.85600000,1
1505658194,21652863,50.48,5.37422276,1
1505658193,21652858,50.48,1.62577724,1
1505658192,21652847,50.49,1.77989900,1
1505658190,21652824,50.84,2.55099663,1
1505658151,21652751,50.84,10.31285100,1
1505658150,21652750,50.84,8.49614900,1
1505658147,21652749,50.85,5.12174200,1
1505658141,21652744,50.85,2.99301221,1
1505658141,21652743,50.86,1.62118279,1
1505658107,21652660,50.84,5.68743956,1
1505658106,21652659,50.85,1.62517044,1
1505658106,21652657,50.90,5.74000000,1
1505658106,21652656,50.90,9.87021800,1
1505658105,21652653,50.90,5.74978200,1
1505658103,21652646,51.12,0.02113740,1
1505658103,21652644,51.12,0.49481283,1
1505658102,21652641,51.12,1.10000000,0
1505658099,21652625,50.90,1.10000000,1
1505658084,21652579,51.10,168.39790430,1
1505658083,21652576,51.11,1.61654880,1
1505658078,21652545,51.12,1.61464520,1
1505658078,21652544,51.14,0.72090669,1
1505658072,21652538,51.14,0.88672850,1
1505658072,21652537,51.15,1.61327150,1
1505657875,21652394,51.23,1.09994125,1
1505657764,21652229,51.44,16.08396501,0
1505657689,21652178,51.44,2.00000000,0
1505657351,21652009,51.37,0.69054805,1
1505657334,21651987,51.49,5.00000000,1
1505657284,21651930,51.50,6.74634854,0
1505657243,21651809,51.50,61.93436893,0
1505657242,21651808,51.49,7.47336859,1
1505657241,21651807,51.49,58.18000000,0
1505657239,21651806,51.41,2.09391400,1
1505657237,21651805,51.42,1.10000000,1
1505657169,21651735,51.49,67.59176932,0
1505657091,21651645,51.48,1.60561375,1
1505657079,21651635,51.49,10.12866768,0
1505657079,21651634,51.48,0.00719634,0
1505657066,21651624,51.46,13.60354060,0
1505657065,21651623,51.46,0.00765940,0
1505657004,21651529,51.44,1.61374793,0
1505657004,21651528,51.44,0.00691794,0
1505656996,21651518,51.39,4.50300983,1
1505656996,21651517,51.39,0.59201333,1
1505656986,21651502,51.39,1.01641235,1
1505656986,21651501,51.40,0.59207141,1
1505656970,21651476,51.43,1.60034290,0
1505656964,21651456,51.40,1.00900000,1
1505656946,21651445,51.39,0.00000013,0
1505656946,21651444,51.39,0.00681823,0
1505656939,21651437,51.38,0.17567284,0
1505656939,21651436,51.38,1.44000000,0
1505656937,21651432,51.37,0.91851994,0
1505656932,21651421,51.36,1.61631494,0
1505656932,21651420,51.36,0.00523161,0
1505656925,21651390,51.30,3.81553777,1
1505656918,21651364,51.30,5.56238073,1
1505656918,21651363,51.33,0.14859569,1
1505656917,21651359,51.33,0.61720283,0
1505656916,21651356,51.33,0.99998588,0
1505656916,21651354,51.33,0.05202763,0
1505656916,21651353,51.33,1.55821934,0
1505656916,21651352,51.33,0.00682847,0
1505656916,21651351,51.33,0.51600340,0
1505656916,21651348,51.33,1.10113676,0
1505656912,21651333,51.29,1.90587551,1
1505656905,21651315,51.29,1.61028783,0
1505656903,21651304,51.29,1.76504871,1
1505656901,21651302,51.29,50.00000000,0
1505656901,21651301,51.29,1.61298092,0
1505656901,21651300,51.28,1.61882091,0
1505656901,21651298,51.28,0.00000048,0
1505656901,21651297,51.28,0.00314898,0
1505656897,21651286,51.27,0.93865061,0
1505656892,21651255,51.26,7.97992000,0
1505656885,21651225,51.25,21.51474147,1
1505656884,21651224,51.23,1.62042389,0
1505656884,21651223,51.23,0.00739454,0
1505656883,21651221,51.19,14.85722107,0
1505656880,21651214,51.19,0.76277893,1
1505656879,21651212,51.19,15.62000000,0
1505656879,21651209,51.19,1.61722107,0
1505656836,21651151,51.03,1.12071200,1
1505656835,21651149,51.03,15.51961000,1
1505656833,21651148,51.03,32.57615900,1
1505656813,21651126,50.96,2.76557610,1
1505656813,21651125,50.97,1.61722107,0
1505656811,21651115,51.11,0.61720283,1
1505656789,21651092,51.18,0.00000034,1
1505656762,21651066,51.18,1.60693800,1
1505656759,21651058,51.22,1.61374793,0
1505656744,21651049,51.16,0.52264839,0
1505656744,21651048,51.16,1.10000000,0
1505656730,21651031,51.11,0.99998588,0
1505656728,21651028,51.11,0.05202763,1
1505656726,21651025,51.11,1.55821934,1
1505656718,21651016,51.04,1.62262599,0
1505656718,21651015,51.02,1.62672105,0
1505656718,21651014,51.01,0.00678573,0
1505656701,21650995,50.85,13.17174800,1
1505656699,21650994,50.85,70.78188500,1
1505656568,21650899,50.80,11.08535112,1
1505656568,21650898,50.96,1.02464888,1
1505656568,21650897,50.96,0.59730000,0
1505656546,21650878,50.79,9.30530600,1
1505656541,21650877,50.88,1.62042389,0
1505656539,21650873,50.89,0.52283187,1
1505656538,21650871,50.89,1.10113676,0
1505656538,21650870,50.76,23.84148833,1
1505656538,21650868,50.77,1.62672105,1
1505656538,21650866,50.78,1.62720962,1
1505656521,21650846,50.78,1.62262599,0
1505656520,21650845,50.90,1.61631494,0
1505656519,21650844,50.91,0.52264839,1
1505656518,21650840,50.91,1.10000000,0
1505656514,21650816,50.76,12.86429000,1
1505656514,21650815,50.78,2.31000000,1
1505656509,21650801,50.76,50.00000000,1
1505656340,21650666,50.90,3.81028700,1
1505656337,21650663,50.95,8.00000000,1
1505656297,21650638,50.93,2.30000000,0
1505656280,21650627,50.85,7.00812800,1
1505656279,21650626,50.88,0.59730000,1
1505656279,21650625,51.05,0.93865061,1
1505656279,21650622,51.06,1.61882091,0
1505656277,21650617,51.06,0.00000048,1
1505656239,21650597,51.07,1.10000000,1
1505656114,21650510,51.07,1.10000000,1
1505656091,21650490,51.06,1.61504100,1
1505656074,21650484,51.19,0.25162907,0
1505655907,21650375,51.27,193.07136628,1
1505655896,21650365,51.27,21.87422400,1
1505655892,21650363,51.27,130.73216324,1
1505655883,21650357,51.27,13.51691000,1
1505655873,21650348,51.27,54.72324800,1
1505655864,21650333,51.28,6.17649000,1
1505655857,21650327,51.27,10.46566300,1
1505655851,21650326,51.27,141.00000000,1
1505655834,21650320,51.28,1.61130364,0
1505655831,21650318,51.27,0.17912261,0
1505655831,21650317,51.27,0.50000000,0
1505655831,21650316,51.25,5.90000000,0
1505655831,21650315,51.24,17.57435931,0
1505655696,21650161,51.19,0.00020895,1
1505655695,21650158,51.19,7.79979105,1
1505655695,21650157,51.19,8.72999993,1
1505655690,21650152,51.19,0.00000007,0
1505655690,21650151,51.19,5.23000000,1
1505655690,21650150,51.19,2.57022493,1
1505655688,21650149,51.19,8.72882507,1
1505655688,21650148,51.26,1.61252093,1
1505655687,21650138,51.19,2.62060900,0
1505655687,21650137,51.19,1.00918600,0
1505655686,21650135,51.19,1.61115500,0
1505655631,21650093,51.05,0.17912261,1
1505655631,21650092,51.06,0.92087739,1
1505655621,21650084,51.05,0.50000000,1
1505655618,21650081,51.06,1.10000000,1
1505655595,21650048,51.10,3.65777300,1
1505655594,21650047,51.10,8.97384900,1
1505655592,21650044,51.09,1.03283922,0
1505655551,21649909,51.05,1.21974608,1
1505655551,21649907,51.06,1.61298092,1
1505655533,21649885,51.14,0.83000000,1
1505655532,21649884,51.14,1.21000000,1
1505655531,21649883,51.14,1.61461289,1
1505655516,21649861,51.34,0.60070948,1
1505655516,21649860,51.19,1.00918600,0
1505655514,21649854,51.19,3.42829800,0
1505655512,21649851,51.19,21.99200000,1
1505655504,21649834,51.19,1.61142300,1
1505655504,21649833,51.19,1.64544600,1
1505655501,21649827,51.19,32.14104000,1
1505655497,21649819,51.19,2.05300000,1
1505655465,21649785,51.18,30.29900000,1
1505655465,21649783,51.20,18.90000000,1
1505655463,21649777,51.20,11.33364161,1
1505655445,21649702,51.21,11.33211912,0
1505655441,21649686,51.25,0.90069400,1
1505655438,21649663,51.37,1.60829525,0
1505655436,21649651,51.37,1.60905189,0
1505655435,21649643,51.22,0.00693866,0
1505655412,21649574,51.18,1.62201379,0
1505655409,21649567,51.03,1.91961592,1
1505655362,21649410,51.17,0.00000013,1
1505655361,21649406,51.17,1.61526000,1
1505655358,21649394,51.00,1.44972961,1
1505655358,21649390,51.00,1.44399472,1
1505655354,21649369,51.00,3.96188472,1
1505655353,21649367,51.16,0.17567284,0
1505655353,21649366,51.16,1.44000000,0
1505655352,21649362,51.00,39.36734694,0
1505655352,21649361,51.00,46.58890760,0
1505655334,21649324,51.00,53.41109240,0
1505655334,21649323,51.00,5.56271445,0
1505655334,21649321,51.00,4.64132636,0
1505655334,21649320,51.00,33.90000000,0
1505655333,21649319,50.96,0.48486679,0
1505655322,21649300,50.96,1.10000000,0
1505655316,21649284,50.92,3.84706246,1
1505655313,21649281,50.92,0.36854868,0
1505655303,21649267,50.91,18.13249021,0
1505655277,21649200,50.92,0.90000000,1
1505655276,21649188,50.92,1.10000000,0
1505655272,21649171,50.85,1.92619548,1
1505655268,21649143,50.79,32.40000000,1
1505655268,21649140,50.79,0.08870300,1
1505655267,21649138,50.93,1.62201379,0
1505655265,21649120,50.79,30.91129700,0
1505655265,21649117,50.78,20.65450400,0
1505655260,21649077,50.78,55.72116011,1
1505655253,21649037,50.70,57.01708000,1
1505655252,21649036,50.77,18.91320400,1
1505655252,21649034,50.77,72.07385200,1
1505655252,21649033,50.77,6.13606000,1
1505655251,21649030,50.77,18.19769100,1
1505655251,21649029,50.77,1.67919300,1
1505655243,21648997,50.96,1.48449621,1
1505655242,21648992,50.99,1.62071888,0
1505655242,21648982,50.96,55.41777376,1
1505655241,21648979,50.96,1.08000000,1
1505655240,21648978,50.96,5.38000000,1
1505655240,21648977,50.96,5.03465195,1
1505655239,21648976,50.95,1.62919489,0
1505655239,21648975,50.94,103.00000000,0
1505655239,21648974,50.93,53.38000000,0
1505655239,21648971,50.92,1.08000000,0
1505655239,21648969,50.85,5.00000000,0
1505655239,21648967,50.81,5.38000000,0
1505655239,21648965,50.75,2.59000000,0
1505655239,21648963,50.71,1.63704723,0
1505655238,21648962,50.71,0.00783596,0
1505655238,21648961,50.70,23.89900000,0
1505655229,21648947,50.56,1.64161307,0
1505655213,21648920,50.49,0.00190697,0
1505655185,21648852,50.48,4.83199954,1
1505655148,21648757,50.48,2.81310135,1
1505655143,21648736,50.46,1.30000000,1
1505655130,21648720,50.49,2.72401495,0
1505655120,21648662,50.46,1.93891500,1
1505655116,21648633,50.46,3.06123782,1
1505655115,21648629,50.46,4.74965100,1
1505655113,21648621,50.46,4.92664547,1
1505655113,21648618,50.46,3.24878985,1
1505655107,21648605,50.46,3.24878985,1
1505655105,21648600,50.49,1.63704723,0
1505655102,21648593,50.46,3.34726800,1
1505655102,21648591,50.46,2.77674400,1
1505655101,21648582,50.49,1.63703085,0
1505655101,21648581,50.46,39.23771623,1
1505655100,21648579,50.42,1.64645486,0
1505655099,21648578,50.37,1.64786674,0
1505655099,21648577,50.35,1.64852405,0
1505655099,21648576,50.34,0.00722333,0
1505655094,21648574,50.32,2.87994395,1
1505655065,21648533,50.29,0.00000024,0
1505655064,21648532,50.29,1.94496000,0
1505655044,21648517,50.27,6.92003163,1
1505655044,21648515,50.28,1.94573404,1
1505655042,21648512,50.27,3.89123395,0
1505655033,21648493,50.26,1.94588699,1
1505655022,21648480,50.27,1.94704918,1
1505655021,21648478,50.26,1.65157056,0
1505655019,21648472,50.20,1.65342098,0
1505655019,21648471,50.20,18.35354514,0
1505655012,21648462,50.20,1.64645486,0
1505655011,21648452,50.19,5.55180654,0
1505655008,21648443,50.17,1.65322199,0
1505654967,21648393,50.10,37.30584591,0
1505654915,21648285,50.16,0.00028193,1
1505654914,21648284,50.16,18.18895794,1
1505654913,21648281,50.14,23.02500000,0
1505654912,21648280,50.13,0.00370837,0
1505654912,21648279,50.12,1.94350699,0
1505654912,21648278,50.12,15.34600000,0
1505654912,21648277,50.12,1.65254477,0
1505654900,21648274,50.01,0.43005000,1
1505654780,21648236,49.90,1.65309487,1
1505654775,21648228,49.91,1.65254477,1
1505654759,21648207,49.90,17.90928800,1
1505654759,21648206,49.90,34.30590539,1
1505654759,21648205,49.91,1.65309461,1
1505654757,21648203,50.06,1.64852405,0
1505654757,21648202,49.91,3.53653601,1
1505654757,21648201,49.92,1.65322199,1
1505654694,21648171,50.15,1.64786674,0
1505654690,21648169,50.12,24.82403159,0
1505654690,21648168,50.12,12.33000000,0
1505654690,21648167,50.11,43.46000000,0
1505654690,21648166,50.11,0.00012362,0
1505654690,21648165,50.11,1.65631263,0
1505654689,21648163,50.05,3.06736059,0
1505654689,21648161,50.04,1.40719455,0
1505654689,21648159,50.03,13.25497702,0
1505654581,21648098,50.03,1.65919676,0
1505654581,21648097,50.03,3.05561476,0
1505654581,21648096,49.99,4.95991702,0
1505654580,21648092,49.99,10.18088800,0
1505654553,21648050,49.90,4.50000000,1
1505654542,21648042,49.97,2.01600961,0
1505654533,21648026,49.90,16.53987638,1
1505654533,21648023,49.90,0.00012362,1
1505654530,21648016,49.99,43.97496500,0
1505654530,21648015,49.98,16.54000000,0
1505654510,21647982,49.97,0.63298100,0
1505654496,21647957,49.99,3.87619700,0
1505654496,21647955,49.90,1.65631263,1
1505654491,21647942,49.99,1.65342098,0
1505654491,21647941,49.99,1.24091200,0
1505654488,21647938,49.97,1.30201464,0
1505654488,21647937,49.97,0.35900000,0
1505654488,21647936,49.97,0.00000031,0
1505654487,21647935,49.96,3.07254287,0
1505654487,21647934,49.92,1.31704561,0
1505654487,21647933,49.92,0.34562200,0
1505654487,21647932,49.90,0.80000000,0
1505654480,21647914,49.86,0.63129075,0
1505654480,21647912,49.86,1.03351938,0
1505654480,21647911,49.84,1.66536437,0
1505654473,21647897,49.84,1.66543794,0
1505654473,21647895,49.82,3.07547780,0
1505654472,21647894,49.81,0.00713530,0
1505654455,21647872,49.80,40.63031700,0
1505654454,21647871,49.80,21.50000000,0
1505654211,21647770,49.65,43.45835500,0
1505654132,21647760,49.65,4.54164500,0
1505653803,21647566,49.69,3.00000000,0
1505653753,21647551,49.76,48.05803215,0
1505653490,21647386,49.80,9.86881100,0
1505653310,21647331,49.79,1.82000000,1
1505653119,21647188,49.64,0.22300000,1
1505653097,21647166,49.79,0.26116324,1
1505653094,21647160,49.79,66.70100000,0
1505653094,21647159,49.78,63.27000000,0
1505653094,21647157,49.78,0.50000000,0
1505653029,21647088,49.74,1.10000000,0
