date,tid,price,amount,type
1505692836,21687766,0.00004942,1064.96809193,0
1505692693,21687698,0.00004925,4544.79695167,1
1505692693,21687697,0.00004925,1346.32860000,1
1505692693,21687696,0.00004926,5220.45169798,1
1505692567,21687633,0.00004925,1437.75850000,1
1505692567,21687631,0.00004925,500.00000000,1
1505692525,21687563,0.00004937,1355.40325200,1
1505692326,21687372,0.00004934,2406.48387400,1
1505692185,21687255,0.00004933,4513.35989400,1
1505692021,21687074,0.00004931,200.00000000,1
1505691545,21686686,0.00004947,556.07357994,0
1505691370,21686562,0.00004933,5297.00749900,0
1505691330,21686550,0.00004933,814.02992300,0
1505691318,21686548,0.00004931,960.92573100,0
1505691078,21686480,0.00004925,1357.93090000,0
1505690810,21686307,0.00004932,111.00000000,1
1505690558,21686119,0.00004950,3545.47414141,0
1505690558,21686118,0.00004945,1361.48860000,0
1505690558,21686117,0.00004945,500.00000000,0
1505690557,21686116,0.00004939,8430.15419938,1
1505689958,21685795,0.00004925,1339.48330000,0
1505689934,21685783,0.00004926,1337.41530000,0
1505689933,21685782,0.00004919,33.25935691,0
1505689864,21685744,0.00004919,313.12925709,0
1505689748,21685632,0.00004919,1020.98988600,0
1505689686,21685560,0.00004929,1336.83440000,0
1505689517,21685412,0.00004946,1355.17408006,1
1505689515,21685410,0.00004930,1488.10000000,0
1505688722,21685241,0.00004919,113.41309209,0
1505688634,21685204,0.00004914,1363.36640000,0
1505688617,21685179,0.00004912,488.59934853,0
1505688208,21684974,0.00004917,521.65657387,0
1505688107,21684869,0.00004917,50.08925000,0
1505688097,21684853,0.00004917,253.98922107,1
1505687984,21684796,0.00004917,121.72117145,0
1505687923,21684728,0.00004898,79.87768021,0
1505687920,21684723,0.00004898,91.23810104,1
1505687907,21684713,0.00004898,79.87768021,1
1505687895,21684708,0.00004898,488.19130257,0
1505687890,21684696,0.00004913,1345.94760000,0
1505687881,21684691,0.00004898,380.60881993,1
1505687881,21684690,0.00004898,5.50000000,1
1505687804,21684642,0.00004914,169.46621897,0
1505687737,21684626,0.00004919,454.48241513,0
1505687723,21684577,0.00004899,490.98775658,1
1505687685,21684516,0.00004902,203.99836801,0
1505687683,21684509,0.00004902,1147.86353199,1
1505687669,21684497,0.00004902,203.99836801,1
1505686776,21683358,0.00004911,6.11400000,1
1505686776,21683356,0.00004911,1352.58040000,1
1505686763,21683315,0.00004907,488.81170000,0
1505686674,21682978,0.00004898,49.50000000,1
1505686401,21682456,0.00004909,8779.74271900,1
1505686401,21682455,0.00004910,1348.56150000,1
1505686350,21682322,0.00004910,488.81170000,1
1505686281,21682076,0.00004908,1153.14660000,1
1505686277,21682052,0.00004911,1336.66740000,1
1505686268,21682013,0.00004924,502.92262388,0
1505685771,21681089,0.00004926,1599.10982541,0
1505685230,21680030,0.00004917,1103.95050000,0
1505685197,21679975,0.00004913,760.65035670,1
1505685161,21679930,0.00004912,4926.62777400,1
1505685153,21679900,0.00004914,8930.58423016,1
1505685127,21679793,0.00004913,518.37529100,1
1505685126,21679790,0.00004922,842.12290381,1
1505685124,21679780,0.00004923,860.85804928,1
1505685123,21679772,0.00004924,842.12290400,1
1505685119,21679751,0.00004988,11767.52546110,0
1505685118,21679750,0.00004974,842.12290381,0
1505685118,21679748,0.00004963,1042.89647396,0
1505685118,21679746,0.00004963,9791.44227944,1
1505685117,21679744,0.00004932,973.34069389,0
1505685117,21679743,0.00004917,1350.57870000,0
1505685117,21679742,0.00004916,4866.70346947,0
1505685115,21679734,0.00004914,15830.23912398,0
1505684844,21679304,0.00004911,793.12772255,0
1505684591,21679122,0.00004911,537.54367745,0
1505684561,21679063,0.00004901,760.84375500,1
1505684559,21679062,0.00004901,1521.47947519,1
1505684559,21679061,0.00004905,1370.36940000,1
1505684559,21679060,0.00004906,4661.06433081,1
1505684053,21678763,0.00004917,357.54832651,1
1505684051,21678753,0.00004917,1995.11539456,1
1505683978,21678662,0.00004907,1345.33050000,0
1505683907,21678587,0.00004912,5399.38942100,1
1505683896,21678575,0.00004912,952.53462500,1
1505683893,21678574,0.00004910,5130.37794863,0
1505683893,21678573,0.00004912,14485.54659137,1
1505683732,21678465,0.00004938,64557.65879505,1
1505683732,21678464,0.00004938,6364.61500000,1
1505683731,21678463,0.00004929,9885.22676642,0
1505683731,21678462,0.00004929,9791.44227944,1
1505683731,21678461,0.00004925,180.00000000,0
1505683731,21678460,0.00004917,4256.97874394,0
1505683729,21678459,0.00004914,4233.99822907,0
1505683234,21678200,0.00004921,2946.03982930,1
1505683132,21678090,0.00004916,1492.45117982,0
1505683090,21678081,0.00004901,43.00966000,1
1505683089,21678080,0.00004901,300.00000000,1
1505683080,21678068,0.00004901,1063.95447143,1
1505683077,21678064,0.00004921,1063.95449184,0
1505683007,21678003,0.00004907,1957.13694721,0
1505683005,21678001,0.00004905,1337.81540000,0
1505683005,21678000,0.00004905,2285.90000000,0
1505683005,21677999,0.00004905,390.86383182,0
1505682985,21677993,0.00004900,161.82688000,1
1505682975,21677985,0.00004900,194.44278580,1
1505682968,21677971,0.00004901,3020.61494029,1
1505682926,21677951,0.00004901,199.80000000,1
1505682819,21677807,0.00004905,266.86695700,0
1505682798,21677781,0.00004905,1359.64740000,1
1505682606,21677639,0.00004895,3917.63470359,1
1505682606,21677638,0.00004900,1337.92580000,1
1505682606,21677637,0.00004900,1686.10000000,1
1505682604,21677636,0.00004901,1997.66239580,0
1505682604,21677635,0.00004901,957.72270991,1
1505682475,21677435,0.00004910,1342.05380000,1
1505682163,21676907,0.00004923,587.80580946,0
1505682023,21676699,0.00004921,60.04999727,0
1505682023,21676698,0.00004919,439.95000273,0
1505681953,21676653,0.00004913,599.82547744,1
1505681878,21676622,0.00004922,599.82547744,0
1505681762,21676445,0.00004908,1368.64000000,0
1505681762,21676442,0.00004902,701.32000000,0
1505681733,21676419,0.00004894,431.37860645,0
1505681302,21676104,0.00004895,479.21164453,0
1505681086,21676043,0.00004887,5449.84980561,0
1505681022,21676027,0.00004890,5914.83067484,0
1505681021,21676026,0.00004885,7288.49563479,1
1505681012,21676017,0.00004867,196.00000000,1
1505680897,21675956,0.00004880,613.22090164,0
1505680842,21675903,0.00004891,2633.47761194,0
1505680823,21675886,0.00004884,501.10544635,0
1505680795,21675883,0.00004875,1341.00000000,0
1505680795,21675882,0.00004875,2322.16319500,0
1505680703,21675820,0.00004875,7678.82112821,0
1505680483,21675663,0.00004870,1336.65000000,0
1505680435,21675636,0.00004866,1346.83790000,0
1505680306,21675592,0.00004870,166.00000000,1
1505680091,21675491,0.00004889,1193.09838412,0
1505680090,21675490,0.00004884,1331.46320000,0
1505679515,21675184,0.00004890,378.94120000,0
1505679514,21675182,0.00004885,1340.95880000,0
1505679501,21675169,0.00004885,1336.24720000,0
1505679474,21675136,0.00004876,298.80000000,0
1505679433,21675097,0.00004850,6165.11621701,0
1505679433,21675096,0.00004850,3411.75779700,0
1505679432,21675094,0.00004850,1826.64435600,0
1505679432,21675093,0.00004850,3901.47855500,0
1505679432,21675092,0.00004849,9504.09460600,0
1505679432,21675091,0.00004849,1899.42376400,0
1505679429,21675090,0.00004868,17018.56700000,1
1505679429,21675089,0.00004869,16029.90447499,1
1505679429,21675088,0.00004871,1646.53160000,1
1505679316,21675039,0.00004879,165.40470000,0
1505679274,21674999,0.00004847,391.94099443,0
1505679139,21674854,0.00004859,2153.35151266,0
1505679136,21674852,0.00004859,5100.18440008,0
1505679127,21674830,0.00004849,246.04351413,1
1505678668,21674509,0.00004883,317.22301863,0
1505678568,21674425,0.00004881,681.35812333,0
1505678409,21674283,0.00004865,165.40470000,1
1505678409,21674281,0.00004865,1334.59530000,1
1505678231,21674081,0.00004882,1860.00000000,0
1505678178,21674063,0.00004887,1262.08860241,0
1505678166,21674056,0.00004835,33800.32665558,0
1505678166,21674055,0.00004836,11331.84924372,0
1505678165,21674050,0.00004877,4867.82410070,1
1505678160,21674044,0.00004896,1222.43402778,0
1505678031,21673876,0.00004896,1225.26792500,0
1505678031,21673875,0.00004890,1051.84192500,0
1505678024,21673864,0.00004890,140.15807500,0
1505678013,21673861,0.00004890,1158.59840016,0
1505678012,21673860,0.00004890,522.55900484,0
1505677781,21673702,0.00004884,1303.04151185,0
1505677781,21673701,0.00004880,4250.74027315,0
1505677781,21673700,0.00004877,1367.77200000,0
1505677759,21673694,0.00004876,263.49276000,0
1505677718,21673682,0.00004875,4191.96556200,1
1505677649,21673646,0.00004886,1350.98800000,0
1505677626,21673603,0.00004870,2355.24829408,0
1505677620,21673596,0.00004870,906.47323100,0
1505677587,21673581,0.00004870,2355.24829400,0
1505677553,21673565,0.00004870,3261.72152500,0
1505677547,21673559,0.00004870,6478.14011800,0
1505677547,21673558,0.00004870,3200.39796100,0
1505677547,21673557,0.00004870,1359.32290000,0
1505677543,21673547,0.00004870,1101.31503300,0
1505677536,21673535,0.00004870,1359.32290000,0
1505677536,21673533,0.00004870,2768.33049200,0
1505677536,21673532,0.00004870,3200.39796100,0
1505677526,21673515,0.00004870,13583.70603300,0
1505677522,21673507,0.00004870,3182.38334207,0
1505677522,21673506,0.00004869,3802.45302293,0
1505677517,21673502,0.00004869,4127.65339200,0
1505677493,21673480,0.00004843,28168.60093387,1
1505677493,21673479,0.00004846,1889.45820000,1
1505677432,21673457,0.00004869,1515.94517200,0
1505677421,21673452,0.00004869,601.54446498,0
1505677385,21673430,0.00004870,1399.99999985,0
1505677385,21673428,0.00004850,0.00000015,0
1505677382,21673427,0.00004850,2350.95199000,0
1505677381,21673425,0.00004850,1158.67852200,0
1505677380,21673424,0.00004850,986.99116800,0
1505677380,21673423,0.00004850,3141.23488500,0
1505677380,21673422,0.00004850,1225.85800000,0
1505677380,21673421,0.00004850,6827.12357452,0
1505677380,21673420,0.00004849,357.93474048,0
1505677380,21673419,0.00004849,1916.85447800,0
1505677379,21673418,0.00004849,1853.43683500,0
1505677377,21673416,0.00004850,4500.00000000,1
1505677377,21673415,0.00004851,701.32000000,1
1505677377,21673414,0.00004852,5262.75495053,1
1505677377,21673413,0.00004858,13481.76600000,1
1505677377,21673412,0.00004859,6836.49100000,1
1505677377,21673411,0.00004863,2155.07450980,1
1505677377,21673410,0.00004864,1371.75540000,1
1505677370,21673408,0.00004870,2350.95199000,0
1505677365,21673405,0.00004870,1137.03992600,0
1505677352,21673400,0.00004869,1485.00000000,0
1505677324,21673392,0.00004877,683.49229000,0
1505677239,21673324,0.00004872,1129.69391840,0
1505677239,21673323,0.00004871,4981.92808160,0
1505677227,21673317,0.00004872,581.57741918,0
1505677227,21673316,0.00004870,1336.84603982,0
1505676946,21673177,0.00004868,535.12808930,1
1505676684,21672851,0.00004890,1719.97888350,1
1505676684,21672848,0.00004890,1328.73460000,1
1505676467,21672740,0.00004897,533.68715540,0
1505676113,21672533,0.00004932,143.55231143,0
1505676087,21672500,0.00004887,10000.00000000,0
1505676046,21672457,0.00004890,1209.92299701,1
1505676042,21672444,0.00004890,1364.35672891,0
1505675892,21672261,0.00004892,999.50100000,1
1505675888,21672252,0.00004892,121.43497000,1
1505675583,21672090,0.00004893,1018.51545300,1
1505675582,21672089,0.00004895,1342.32090000,1
1505675301,21671929,0.00004903,2844.57736191,0
1505675301,21671928,0.00004900,1652.30000000,0
1505675301,21671927,0.00004900,4163.02641473,0
1505674972,21671684,0.00004880,44.89198981,1
1505674661,21671315,0.00004893,751.00000000,0
1505674529,21670974,0.00004901,809.76543952,0
1505674529,21670973,0.00004885,0.42630148,0
1505674527,21670971,0.00004891,608.74169852,1
1505674509,21670957,0.00004901,274.32543000,0
1505674324,21670572,0.00004903,1731.47748600,0
1505674256,21670492,0.00004906,1459.11310400,0
1505674183,21670418,0.00004913,103.81111337,0
1505674158,21670398,0.00004906,1022.93905200,0
1505674107,21670355,0.00004902,600.00000000,1
1505674002,21670255,0.00004915,1183.58389000,0
1505673761,21669908,0.00004916,587.25813669,0
1505673632,21669634,0.00004902,613.94376300,1
1505673536,21669487,0.00004962,1176.61144699,1
1505673536,21669486,0.00004946,644.09000000,0
1505673535,21669484,0.00004946,644.09000000,0
1505673535,21669483,0.00004935,538.21027370,0
1505673535,21669482,0.00004935,573.06401453,1
1505673535,21669481,0.00004925,538.33149565,0
1505673534,21669480,0.00004920,538.29781438,0
1505673534,21669479,0.00004920,647.52305596,0
1505673534,21669478,0.00004920,82.89605004,0
1505673534,21669477,0.00004920,2865.32007267,1
1505673534,21669476,0.00004916,1686.96841559,0
1505673532,21669475,0.00004912,858.02543503,0
1505673208,21669214,0.00004914,4768.09948186,1
1505673208,21669213,0.00004914,858.02543503,1
1505673208,21669212,0.00004915,15625.77258911,1
1505673081,21669067,0.00004910,449.18000000,0
1505673079,21669065,0.00004910,798.41000000,0
1505672573,21668114,0.00004883,4612.69548681,1
1505672572,21668113,0.00004885,1979.04591319,0
1505672572,21668112,0.00004886,2299.90000000,1
1505672570,21668109,0.00004891,1331.35860000,1
1505672203,21667582,0.00004882,378.72823500,1
1505671827,21667164,0.00004876,1325.48170000,1
1505671672,21667037,0.00004876,245.98348312,1
1505671557,21666835,0.00004875,473.35532307,1
1505671549,21666779,0.00004875,256.83675033,1
1505671376,21666594,0.00004895,4711.39162410,0
1505671357,21666543,0.00004870,1964.14664400,1
1505671178,21666430,0.00004869,662.37625900,1
1505671066,21666390,0.00004902,40.02022762,1
1505671028,21666368,0.00004911,2586.50267549,0
1505670991,21666324,0.00004904,165.87973800,1
1505670950,21666297,0.00004903,341.61008800,1
1505670948,21666295,0.00004915,13659.13631739,0
1505670947,21666294,0.00004914,95.52166280,1
1505670947,21666293,0.00004906,8125.52000000,0
1505670946,21666291,0.00004905,1916.83159200,1
1505670945,21666287,0.00004905,1767.18820069,0
1505670932,21666264,0.00004892,120.41762714,1
1505670929,21666257,0.00004892,393.79966000,1
1505670922,21666242,0.00004903,519.23108301,0
1505670818,21666152,0.00004902,1853.30000000,0
1505670818,21666151,0.00004902,139.78780000,0
1505670656,21665975,0.00004908,36.43311861,1
1505670595,21665928,0.00004893,648.90000000,1
1505670499,21665706,0.00004881,94.72016100,0
1505670340,21665469,0.00004879,124.70000000,1
1505670339,21665468,0.00004879,1122.30000000,1
1505670294,21665372,0.00004881,116.38311821,0
1505670293,21665366,0.00004860,176.22091826,1
1505670272,21665297,0.00004855,205.04261000,1
1505670219,21665195,0.00004855,503.12704776,1
1505670215,21665188,0.00004867,12373.28929525,0
1505669970,21664735,0.00004867,410.93075817,0
1505669969,21664729,0.00004853,407.86944121,1
1505669955,21664696,0.00004853,220.14976721,1
1505669938,21664671,0.00004851,514.75061481,1
1505669889,21664460,0.00004854,137.39892688,1
1505669878,21664390,0.00004854,222.61322312,0
1505669601,21663804,0.00004876,5767.57567678,0
1505669509,21663743,0.00004876,1.28534000,0
1505669509,21663742,0.00004867,578.97052000,0
1505669480,21663690,0.00004867,729.86853454,1
1505669468,21663671,0.00004880,842.08852473,0
1505669467,21663665,0.00004867,562.22439000,1
1505669136,21663198,0.00004878,1896.00092736,0
1505669136,21663197,0.00004877,1334.13890000,0
1505669093,21663145,0.00004854,30308.01885593,1
1505669093,21663144,0.00004857,6041.28104407,1
1505669091,21663142,0.00004861,2300.60000000,1
1505669091,21663141,0.00004861,1350.10010000,1
1505668880,21662876,0.00004870,61.78860000,1
1505668845,21662826,0.00004867,1165.60226011,1
1505668465,21662621,0.00004876,1144.85930291,1
1505668465,21662620,0.00004876,1336.48309000,0
1505668430,21662609,0.00004881,1361.49630000,0
1505668430,21662608,0.00004881,283.09926079,1
1505668428,21662606,0.00004881,1078.78833921,1
1505668428,21662605,0.00004881,700.00000000,1
1505667936,21662357,0.00004892,2789.92007358,1
1505667936,21662356,0.00004890,1337.46880000,0
1505667935,21662355,0.00004885,1850.40000000,0
1505667501,21662140,0.00004872,0.00000011,0
1505667433,21662114,0.00004872,1637.02238000,0
1505667382,21662091,0.00004872,1515.38000000,0
1505667368,21662070,0.00004872,177.15205900,0
1505667367,21662066,0.00004872,167.20057000,0
1505667352,21662046,0.00004872,110.60213400,0
1505667331,21662033,0.00004870,445.65837089,1
1505667323,21662018,0.00004872,95.34806667,0
1505667323,21662017,0.00004869,7275.90170018,0
1505667323,21662016,0.00004869,2417.53128038,1
1505667323,21662015,0.00004871,9791.44227944,1
1505667322,21662014,0.00004869,1889.67799345,1
1505667319,21662002,0.00004872,1571.31860000,0
1505667317,21661996,0.00004873,1758.85654195,1
1505666897,21661694,0.00004869,523.65007004,1
1505666896,21661691,0.00004872,126.09242996,1
1505666895,21661690,0.00004873,1350.25750000,1
1505666817,21661639,0.00004895,1353.60950000,1
1505666817,21661638,0.00004895,3000.00000000,1
1505666606,21661509,0.00004909,6719.69019839,0
1505666606,21661508,0.00004908,1927.40370161,0
1505666606,21661507,0.00004904,1352.90610000,0
1505666506,21661389,0.00004902,2938.54445700,0
1505666415,21661274,0.00004897,9155.39028372,0
1505666298,21661154,0.00004912,1282.08196268,0
1505666291,21661145,0.00004871,4997.75182513,1
1505666291,21661144,0.00004879,5487.73669646,1
1505666290,21661143,0.00004823,76.31633249,0
1505666290,21661141,0.00004845,644.09000000,1
1505666290,21661140,0.00004845,1128.00000000,1
1505666289,21661139,0.00004850,100.00000000,1
1505666289,21661138,0.00004850,411.34020618,1
1505666289,21661137,0.00004850,4128.00000000,1
1505666289,21661136,0.00004850,400.00000000,1
1505666289,21661135,0.00004850,2468.04123711,1
1505666289,21661134,0.00004850,1349.52720000,0
1505666288,21661133,0.00004850,516.40017904,0
1505666288,21661132,0.00004868,2710.62237126,1
1505666288,21661131,0.00004869,70165.03600000,1
1505666288,21661130,0.00004869,2578.01616755,0
1505666287,21661128,0.00004870,1024.12731006,1
1505666287,21661127,0.00004871,516.55842220,1
1505666287,21661126,0.00004875,1000.00000000,1
1505666286,21661125,0.00004875,1133.13674000,0
1505666286,21661124,0.00004878,1042.89647396,1
1505666286,21661123,0.00004881,2579.07273156,1
1505666284,21661122,0.00004885,6028.81862859,1
1505666193,21661086,0.00004885,1601.18137141,1
1505666193,21661085,0.00004886,1017.50384841,1
1505666189,21661081,0.00004886,1891.95872273,1
1505666189,21661080,0.00004891,1363.38180000,1
1505666184,21661074,0.00004886,2881.69567815,1
1505666169,21661065,0.00004890,1348.86960000,1
1505666001,21660980,0.00004906,197.13697513,0
1505665916,21660905,0.00004898,608.67799993,1
1505665916,21660903,0.00004904,0.00000007,1
1505665915,21660891,0.00004904,1317.96611800,1
1505665903,21660867,0.00004916,1295.70423108,1
1505665903,21660866,0.00004910,1324.51620000,0
1505665901,21660860,0.00004904,2772.01667192,0
1505665866,21660765,0.00004905,1317.96611839,0
1505665855,21660751,0.00004900,1136.27638000,1
1505665847,21660744,0.00004890,0.79362384,0
1505665836,21660722,0.00004896,1136.27637616,1
1505665833,21660716,0.00004900,1136.27637616,0
1505665807,21660690,0.00004895,1136.27637680,0
1505665781,21660670,0.00004899,1136.27637733,0
1505665764,21660650,0.00004900,1136.27637778,0
1505665720,21660581,0.00004891,141.24258000,0
1505665702,21660542,0.00004904,138.05057096,1
1505665692,21660527,0.00004890,205.01432665,1
1505665270,21660188,0.00004905,68.67327191,0
1505665230,21660122,0.00004891,79.91411043,1
1505665227,21660116,0.00004900,14.09433781,0
1505665213,21660090,0.00004900,576.47280020,0
1505665203,21660067,0.00004891,343.54121497,1
1505665200,21660055,0.00004906,453.99959234,0
1505665177,21659991,0.00004888,45.40806681,1
1505665177,21659990,0.00004888,900.75053940,1
1505665140,21659919,0.00004904,40.68128059,0
1505665068,21659683,0.00004904,383.61362972,0
1505665045,21659608,0.00004888,549.79945355,1
1505665042,21659591,0.00004901,511.17141964,0
1505665030,21659571,0.00004904,8.90350465,1
1505665029,21659563,0.00004904,427.22664466,1
1505665026,21659557,0.00004910,446.94765784,0
1505665018,21659545,0.00004888,601.64563587,1
1505664969,21659416,0.00004888,1709.46632798,1
1505664963,21659391,0.00004894,644.09000000,1
1505664962,21659388,0.00004895,1558.95878101,0
1505664962,21659386,0.00004899,14.31444728,1
1505664955,21659354,0.00004899,128.83002543,1
1505664952,21659344,0.00004899,1359.82665273,1
1505664950,21659334,0.00004899,4500.00000000,1
1505664948,21659309,0.00004899,1651.07319758,1
1505664947,21659296,0.00004899,1855.22489280,1
1505664947,21659291,0.00004899,78.24641785,1
1505664946,21659289,0.00004900,16.44697215,1
1505664930,21659229,0.00004900,150.55302785,1
1505664929,21659222,0.00004901,14.64791649,1
1505664925,21659187,0.00004901,686.69852439,1
1505664922,21659164,0.00004901,601.01546765,1
1505664920,21659159,0.00004901,1822.76003402,1
1505664915,21659124,0.00004901,330.92747594,1
1505664913,21659111,0.00004901,836.01999592,1
1505664913,21659108,0.00004901,480.07627014,1
1505664891,21658995,0.00004901,227.85431545,1
1505664887,21658986,0.00004905,444.63765970,1
1505664881,21658948,0.00004903,1795.01051957,0
1505664875,21658917,0.00004905,1308.44289782,1
1505664868,21658888,0.00004904,1015.75983514,1
1505664857,21658829,0.00004915,1358.05779982,1
1505664857,21658828,0.00004915,5039.89721518,1
1505664856,21658818,0.00004915,22623.35943207,1
1505664856,21658815,0.00004916,1620.17340893,1
1505664854,21658802,0.00004916,1756.64830826,1
1505664849,21658788,0.00004917,455.43650278,1
1505664844,21658755,0.00004920,455.43654822,0
1505664844,21658746,0.00004915,1261.42110383,1
1505664842,21658730,0.00004915,4500.00000000,1
1505664841,21658726,0.00004915,1769.34509093,1
1505664836,21658655,0.00004915,2148.31000000,1
1505664836,21658654,0.00004915,1755.11461846,1
1505664834,21658639,0.00004916,4500.00000000,1
1505664831,21658610,0.00004915,1202.55253953,1
1505664825,21658546,0.00004920,648.01146232,1
1505664790,21658486,0.00004920,538.12776444,1
1505664777,21658388,0.00004926,1357.15590000,1
1505664757,21658273,0.00004931,232.53909536,1
1505664752,21658250,0.00004930,1850.44380669,1
1505664746,21658210,0.00004935,1210.47296039,1
1505664685,21658027,0.00004953,324.56591964,0
1505664622,21657931,0.00004990,71.24388777,1
1505664622,21657930,0.00004990,1654.12499300,1
1505664622,21657929,0.00004989,7571.37109594,0
1505664621,21657928,0.00004971,1093.23818145,0
1505664621,21657927,0.00004970,3696.84747000,0
1505664621,21657926,0.00004969,454.62771117,0
1505664621,21657925,0.00004969,72488.16400000,1
1505664620,21657924,0.00004963,3918.50000000,0
1505664620,21657922,0.00004952,1064.68253407,0
1505664620,21657921,0.00004952,5883.56802700,1
1505664618,21657920,0.00004950,2273.13855586,0
1505664611,21657908,0.00004971,8026.24294000,0
1505664610,21657906,0.00004989,4992.90479053,1
1505664610,21657904,0.00004989,2408.54500100,1
1505664609,21657903,0.00004972,597.34850325,0
1505664609,21657900,0.00004971,454.62771117,0
1505664608,21657896,0.00004970,2273.13855586,0
1505664607,21657895,0.00004969,1874.79831543,1
1505664607,21657894,0.00004969,4155.57214900,1
1505664606,21657893,0.00004951,9587.51563367,0
1505664605,21657891,0.00004950,23509.86000000,0
1505664603,21657890,0.00004948,1772.74591998,0
1505664544,21657843,0.00004936,188.94340800,1
1505664531,21657824,0.00004935,1241.38503700,1
1505664399,21657756,0.00004929,1691.07756410,0
1505664399,21657753,0.00004932,1342.60280000,1
1505664310,21657680,0.00004946,359.35705620,0
1505664308,21657677,0.00004945,169.22740044,0
1505663913,21657343,0.00004931,533.20000000,1
1505663777,21657271,0.00004937,96.93978000,1
1505663562,21657054,0.00004950,851.00363636,0
1505663508,21657034,0.00004944,1480.00000000,1
1505663450,21657015,0.00004944,2180.93636600,0
1505663447,21657011,0.00004939,1345.07700000,0
1505663437,21657004,0.00004930,1345.19340000,1
1505663336,21656948,0.00004938,1349.81710000,0
1505663335,21656946,0.00004936,1700.40000000,0
1505663066,21656737,0.00004938,590.42993114,0
1505662970,21656621,0.00004937,140.97630139,0
1505662878,21656557,0.00004931,500.00000000,1
1505662856,21656547,0.00004937,264.27200000,1
1505662856,21656546,0.00004938,500.00000000,1
1505662849,21656540,0.00004932,71.92800000,1
1505662837,21656508,0.00004931,64.80000000,1
1505662507,21656134,0.00004929,1346.35609312,1
1505662413,21655982,0.00004923,1360.25885186,0
1505662205,21655793,0.00004950,382.67959596,0
1505662173,21655778,0.00004949,39.43887654,1
1505662171,21655776,0.00004941,540.22370476,0
1505662097,21655746,0.00004941,540.25886871,1
1505661762,21655614,0.00004922,4020.26080000,0
1505661761,21655612,0.00004931,1372.20920000,0
1505661761,21655610,0.00004931,1841.00000000,1
1505661369,21655227,0.00004944,1440.57187118,0
1505661369,21655226,0.00004938,383.17764376,0
1505661178,21655141,0.00004928,1372.58097854,0
1505661158,21655127,0.00004925,1368.10510000,1
1505660873,21654920,0.00004919,713.88908100,1
1505660866,21654918,0.00004922,179.00000000,1
1505660818,21654848,0.00004919,611.49921507,1
1505660771,21654820,0.00004931,71.18231596,0
1505660681,21654778,0.00004940,1372.39797570,0
1505660680,21654774,0.00004920,840.19425087,0
1505660531,21654672,0.00004920,512.13313008,0
1505660380,21654576,0.00004929,335.87523000,1
1505660369,21654568,0.00004929,309.96942773,1
1505660009,21654362,0.00004930,300.00000000,1
1505659753,21654284,0.00004930,1099.89858012,1
1505658757,21653660,0.00004936,990.23095624,0
1505658272,21653189,0.00004944,1373.40860000,1
1505658208,21653004,0.00004950,945.18694028,1
1505658190,21652825,0.00004934,1295.00000000,0
1505658173,21652783,0.00004934,1195.71503850,0
1505658157,21652755,0.00004934,5379.42064100,0
1505658141,21652742,0.00004933,593.68335698,0
1505657946,21652437,0.00004932,5109.14517437,0
1505657875,21652392,0.00004918,539.64401953,1
1505657205,21651766,0.00004914,149.85000000,1
1505656931,21651412,0.00004927,2326.80933800,0
1505656922,21651374,0.00004929,1341.80780000,1
1505656917,21651357,0.00004927,1861.80278691,1
1505656896,21651284,0.00004933,1349.61500000,1
1505656533,21650858,0.00004945,1213.76721549,0
1505656533,21650857,0.00004943,2005.30895700,0
1505656294,21650636,0.00004931,208.63009531,0
1505656268,21650613,0.00004918,1381.20519989,1
1505656267,21650612,0.00004919,1117.52055911,1
1505656247,21650599,0.00004928,1640.28643827,0
1505656039,21650457,0.00004941,500.00000000,0
1505655983,21650430,0.00004935,321.60080311,1
1505655983,21650427,0.00004935,1604.20000000,0
1505655907,21650374,0.00004917,2229.01290000,0
1505655880,21650355,0.00004917,1370.98710000,1
1505655462,21649771,0.00004899,181.32801454,1
1505655408,21649559,0.00004916,59.62480920,1
1505655396,21649509,0.00004905,355.67953529,1
1505655396,21649506,0.00004916,0.00000080,1
1505655385,21649465,0.00004916,59.62480920,0
1505655382,21649458,0.00004905,468.53070802,1
1505655371,21649426,0.00004916,489.31799095,0
1505655356,21649378,0.00004911,77.24056758,1
1505655343,21649339,0.00004910,318.35447934,1
1505655331,21649312,0.00004915,536.37697362,0
1505655331,21649311,0.00004915,59.62480920,0
1505655330,21649307,0.00004910,318.35449000,1
1505655318,21649292,0.00004915,632.62363274,0
1505655317,21649286,0.00004910,183.47620000,1
1505655292,21649242,0.00004910,1014.34084451,1
1505655276,21649191,0.00004911,995.22703391,1
1505655276,21649189,0.00004911,17.87581000,1
1505655270,21649156,0.00004916,741.37307286,1
1505655265,21649116,0.00004916,548.94285714,1
1505655262,21649090,0.00004916,89.55817000,1
1505655256,21649050,0.00004911,411.38799152,1
1505655249,21649016,0.00004911,107.43398000,0
1505655198,21648890,0.00004915,564.49929264,1
1505655184,21648851,0.00004914,564.49929330,1
1505655171,21648815,0.00004914,564.49929413,1
1505655145,21648745,0.00004919,372.03685998,1
1505655132,21648727,0.00004919,537.04396015,1
1505655120,21648668,0.00004925,396.74143176,0
1505655039,21648507,0.00004913,457.85336032,1
1505654952,21648375,0.00004921,9400.00000000,1
1505654934,21648346,0.00004922,471.54336000,1
1505654919,21648321,0.00004923,594.44246524,1
1505654791,21648242,0.00004949,142.54576682,1
1505654791,21648241,0.00004949,718.48163334,1
1505654789,21648239,0.00004928,421.80593387,0
1505654753,21648199,0.00004923,910.94057329,1
1505654753,21648198,0.00004923,75.99353071,1
1505654751,21648196,0.00004923,84.43725635,0
1505654742,21648194,0.00004923,337.84682749,0
1505654741,21648193,0.00004923,422.08847957,0
1505654734,21648191,0.00004917,410.81929182,1
1505654698,21648175,0.00004915,247.33194337,0
1505654609,21648120,0.00004917,422.48319114,1
1505654578,21648083,0.00004923,421.96802079,1
1505654573,21648076,0.00004923,421.93897960,1
1505654568,21648067,0.00004923,421.81614780,1
1505653219,21647280,0.00004948,863.62090226,0
1505653218,21647277,0.00004927,863.62090226,1
1505652810,21646915,0.00004945,1806.19051567,0
1505652735,21646893,0.00004935,144.27558257,0
1505652691,21646867,0.00004943,421.55602272,1
1505652254,21646717,0.00004929,1100.90000000,1
1505652240,21646702,0.00004948,869.66147938,0
1505652238,21646699,0.00004943,421.55602272,0
1505651988,21646577,0.00004951,181.32801454,0
1505651250,21646327,0.00004941,50.00000000,1
1505651250,21646324,0.00004950,340.00000000,0
1505650880,21646089,0.00004948,2239.48021700,0
1505650569,21645952,0.00004926,1380.44836733,1
1505650569,21645951,0.00004926,451.94816600,1
1505650509,21645911,0.00004926,1360.14183400,1
1505650154,21645759,0.00004947,611.41216899,0
1505649899,21645665,0.00004948,520.00464834,0
1505649176,21645354,0.00004925,0.98210000,1
1505649176,21645353,0.00004929,1400.01790000,1
1505648861,21645120,0.00004944,4382.35686000,0
1505648854,21645108,0.00004932,3210.83419793,1
1505648048,21644492,0.00004946,1152.02608168,0
1505648048,21644491,0.00004946,143.83522038,0
1505648024,21644478,0.00004923,1234.12000000,1
1505647844,21644351,0.00004932,630.76500000,1
1505647669,21644291,0.00004931,2.10000000,1
1505647669,21644290,0.00004934,2289.00000000,1
1505647450,21644145,0.00004924,837.15141575,1
1505647444,21644113,0.00004924,837.15141575,1
1505647412,21644077,0.00004946,500.16477962,0
1505647152,21643875,0.00004937,2291.50000000,0
1505647152,21643873,0.00004936,2930.95366758,0
1505647050,21643846,0.00004935,12628.91085370,0
1505647050,21643845,0.00004934,2930.95366791,0
1505647049,21643844,0.00004913,305.51169039,0
1505647043,21643838,0.00004912,19741.21000000,1
1505647042,21643837,0.00004912,25899.39000000,1
1505647042,21643836,0.00004912,1359.40000000,1
1505646566,21643560,0.00004911,411.67803973,1
1505646566,21643559,0.00004914,1415.23470000,1
1505646566,21643558,0.00004915,136.87738427,1
1505646565,21643557,0.00004915,679.86800500,1
1505646516,21643534,0.00004918,1053.57789900,1
1505646450,21643435,0.00004939,3089.71627432,0
1505646393,21643347,0.00004930,14063.17363083,0
1505646393,21643346,0.00004925,4765.75741355,0
1505646391,21643345,0.00004922,1472.38389982,0
1505645942,21643120,0.00004906,1243.77966699,1
1505645783,21643050,0.00004904,1419.30830000,1
1505645783,21643049,0.00004909,2480.20040013,1
1505645617,21642880,0.00004924,1771.55284757,0
1505645607,21642830,0.00004923,2645.00000000,0
1505645406,21642657,0.00004921,907.32490897,1
1505645406,21642656,0.00004921,394.01946124,1
1505644953,21642404,0.00004924,3048.16784348,1
1505644949,21642372,0.00004923,1926.26787964,0
1505644833,21642344,0.00004924,2625.89053614,0
1505643669,21641630,0.00004893,419.79181387,1
1505643638,21641580,0.00004893,1539.99870000,1
1505643637,21641577,0.00004909,303.46399307,0
1505643602,21641477,0.00004903,11382.20518100,1
1505643601,21641473,0.00004912,1399.09860000,1
1505643375,21641323,0.00004905,1832.78997055,0
1505643373,21641315,0.00004908,1387.47110000,1
1505643373,21641313,0.00004911,1480.73892945,1
1505643295,21641153,0.00004926,1302.04770604,0
1505643269,21641130,0.00004915,855.82764085,0
1505643267,21641122,0.00004901,912.27115737,1
1505643256,21641108,0.00004904,986.89555400,0
1505642975,21640913,0.00004920,281.53926832,0
1505642974,21640909,0.00004900,1421.38890000,1
1505642974,21640908,0.00004900,170.00000000,1
1505642750,21640730,0.00004926,546.74502639,0
1505642744,21640729,0.00004905,1081.55129349,1
1505642743,21640725,0.00004910,1502.79103203,0
1505642730,21640698,0.00004906,173.88782791,1
1505642728,21640690,0.00004910,1687.41384929,0
1505642653,21640622,0.00004909,0.57261138,0
1505642653,21640620,0.00004905,134.70497562,0
1505642646,21640610,0.00004902,2749.99337562,0
1505642621,21640574,0.00004891,1328.39494660,1
1505642620,21640572,0.00004891,5274.94402940,0
1505642620,21640571,0.00004891,40141.35666400,0
1505642620,21640570,0.00004891,1803.04812401,0
1505642620,21640568,0.00004891,158.89120135,0
1505642619,21640560,0.00004891,2996.57242900,0
1505642619,21640559,0.00004891,3255.67801900,0
1505642618,21640558,0.00004891,925.00000000,0
1505642618,21640557,0.00004891,2255.03002400,0
1505642618,21640556,0.00004891,39217.27904000,0
1505642618,21640554,0.00004889,2816.42539300,0
1505642617,21640553,0.00004889,4801.59492400,0
1505642617,21640552,0.00004889,2996.57242900,0
1505642616,21640548,0.00004890,134.70498000,0
1505642616,21640547,0.00004890,1430.02081211,0
1505642615,21640543,0.00004891,1854.26071654,0
1505642614,21640542,0.00004891,7304.12519085,0
1505642614,21640541,0.00004891,4769.18810294,0
1505642614,21640538,0.00004900,170.00000000,1
1505642613,21640537,0.00004901,54449.92700000,1
1505642613,21640536,0.00004903,3662.12565891,1
1505642613,21640535,0.00004905,1762.57380000,1
1505642604,21640520,0.00004910,4813.30587600,0
1505642599,21640507,0.00004912,1996.48924268,1
1505642594,21640497,0.00004913,134.70497532,1
1505642580,21640465,0.00004910,1715.94371188,0
1505642579,21640458,0.00004910,1379.07994163,0
1505642578,21640457,0.00004905,1378.70470000,1
1505642564,21640405,0.00004916,940.63220000,0
1505642536,21640366,0.00004917,148.12018791,1
1505642528,21640361,0.00004918,192.63055147,0
1505642488,21640305,0.00004915,318.00000000,0
1505642475,21640289,0.00004904,1056.50361717,0
1505642475,21640288,0.00004904,221.75538957,0
1505642460,21640269,0.00004904,1426.52044612,1
1505642458,21640265,0.00004914,95.16546843,0
1505642458,21640264,0.00004908,44.77419157,0
1505642447,21640230,0.00004904,865.47955388,1
1505642433,21640197,0.00004908,820.00000000,0
1505642423,21640174,0.00004915,1289.29385448,1
1505642403,21640133,0.00004915,894.38668700,0
1505642350,21640106,0.00004918,6049.69283300,1
1505642259,21640028,0.00004917,1159.26688900,0
1505642238,21640003,0.00004919,1985.00000000,0
1505642223,21639955,0.00004902,1384.07600000,0
1505642131,21639657,0.00004920,303.84727349,0
1505642130,21639650,0.00004895,509.55942559,1
1505642130,21639648,0.00004896,812.26534564,1
1505642121,21639620,0.00004911,0.00000042,1
1505642120,21639617,0.00004911,1283.29461300,1
1505642117,21639606,0.00004895,1003.49890351,1
1505642088,21639530,0.00004896,201.78850036,1
1505642017,21639336,0.00004915,1787.51553631,1
1505641964,21639178,0.00004904,907.13172920,1
1505641963,21639176,0.00004911,2008.44615300,0
1505641961,21639173,0.00004896,1894.56868644,1
1505641956,21639150,0.00004908,421.14288967,0
1505641956,21639149,0.00004903,421.42741660,0
1505641956,21639148,0.00004899,2317.26326666,0
1505641956,21639147,0.00004895,559.36378098,0
1505641936,21639114,0.00004894,1394.75875000,1
1505641936,21639111,0.00004894,644.00000000,1
1505641930,21639078,0.00004897,1171.29598000,0
1505641912,21639001,0.00004899,810.00000000,0
1505641906,21638976,0.00004901,500.00000000,0
1505641894,21638918,0.00004901,525.76415508,1
1505641894,21638916,0.00004903,1401.49350000,1
1505641822,21638617,0.00004913,1000.00000000,0
1505641773,21638501,0.00004932,1352.50000000,0
1505641567,21638368,0.00004947,839.23084697,0
1505641212,21638048,0.00004922,4.85315702,1
1505641212,21638047,0.00004922,1414.24350000,1
1505641025,21637902,0.00004900,8749.37359300,0
1505641023,21637901,0.00004925,1409.65200000,1
1505641017,21637898,0.00004943,1352.07181873,0
1505640868,21637799,0.00004942,1393.73770000,1
1505640868,21637798,0.00004943,1159.40000000,1
1505640868,21637797,0.00004946,168.85348368,1
1505640606,21637485,0.00004959,55.15145000,0
1505640600,21637478,0.00004960,925.42078210,0
1505640577,21637434,0.00004946,14.03251631,0
1505640576,21637432,0.00004946,189.17415035,0
1505640205,21636999,0.00004915,1635.55253660,1
1505640143,21636965,0.00004939,415.80097185,0
1505639639,21636677,0.00004944,954.46140136,0
1505639639,21636675,0.00004943,1382.64590615,0
1505639639,21636672,0.00004917,1089.68048030,0
1505639541,21636581,0.00004912,1401.41120000,1
1505639496,21636519,0.00004917,306.28431970,0
1505639068,21636023,0.00004933,1298.88930200,0
1505639049,21635997,0.00004935,1228.74447600,1
1505639030,21635970,0.00004941,421.04114285,0
1505639013,21635945,0.00004936,211.22531428,1
1505638993,21635910,0.00004941,420.97445714,1
1505638716,21635556,0.00004898,1382.64590615,1
1505638715,21635555,0.00004930,185.00000000,1
1505638715,21635554,0.00004937,5934.41007496,1
1505638715,21635552,0.00004938,3698.62531889,0
1505638714,21635547,0.00004946,1399.31870000,1
1505638590,21635417,0.00004934,3470.06301300,0
1505638584,21635371,0.00004939,1289.69586000,1
1505638396,21635139,0.00004958,745.37983453,0
1505638339,21635057,0.00004933,422.38811000,1
1505638305,21635026,0.00004946,3046.37612600,0
1505638211,21634927,0.00004946,422.38811381,0
1505638170,21634863,0.00004959,2177.18007662,1
1505638170,21634862,0.00004953,162.00000000,0
1505638170,21634861,0.00004947,1261.50824912,0
1505638168,21634859,0.00004946,3141.45601399,0
1505638104,21634719,0.00004915,1225.22251986,0
1505638090,21634655,0.00004915,866.41476941,0
1505638089,21634653,0.00004915,1211.98523059,0
1505637948,21634407,0.00004913,40.59023398,0
1505637927,21634360,0.00004913,2603.48720000,0
1505637919,21634344,0.00004909,204.00000000,0
1505637918,21634341,0.00004910,2147.25143500,1
1505637910,21634321,0.00004909,889.88734200,0
1505637908,21634317,0.00004894,1417.51750000,1
1505637893,21634273,0.00004888,3482.59483891,0
1505637893,21634272,0.00004888,48.63336609,1
1505637825,21634179,0.00004890,68.13996317,1
1505637800,21634098,0.00004888,437.70029479,0
1505637798,21634090,0.00004888,1417.40120000,1
1505637769,21633968,0.00004893,1441.21050000,1
1505637765,21633945,0.00004913,300.69494000,0
1505637760,21633938,0.00004913,270.00000000,0
1505637726,21633828,0.00004913,365.49765927,0
1505637663,21633625,0.00004869,193.50516445,1
1505637663,21633622,0.00004891,1000.00000000,1
1505637662,21633620,0.00004894,314.37519739,1
1505637662,21633618,0.00004901,1409.95720000,1
1505637662,21633615,0.00004908,1567.51312615,1
1505637660,21633609,0.00004909,11773.00000001,1
1505637659,21633600,0.00004915,670.48837775,1
1505637658,21633589,0.00004915,1421.14896486,1
1505637617,21633380,0.00004915,1657.11642000,1
1505637595,21633237,0.00004915,4111.81000000,1
1505637578,21633076,0.00004915,3749.60119800,1
1505637566,21632964,0.00004915,5389.83503939,1
1505637566,21632961,0.00004916,530.68447161,1
1505637513,21632414,0.00004908,1940.04425200,1
1505637117,21631916,0.00004925,1754.92740107,0
1505636715,21631477,0.00004943,211.78566866,1
1505636683,21631384,0.00004946,283.29116611,1
1505636683,21631383,0.00004947,459.20883389,1
1505636487,21631095,0.00004935,162.00000000,0
1505636487,21631094,0.00004929,1496.20000000,0
1505636454,21631000,0.00004931,0.00000039,1
1505636451,21630993,0.00004931,1634.02982500,1
1505636446,21630982,0.00004931,399.00100000,1
1505636412,21630960,0.00004914,156.04000000,1
1505636352,21630906,0.00004927,696.38826200,0
1505636280,21630814,0.00004931,792.56889800,0
1505636207,21630710,0.00004919,1278.80000000,1
1505636207,21630709,0.00004919,1409.02970000,1
1505636147,21630622,0.00004922,6122.00000000,0
1505636054,21630460,0.00004920,2472.62780000,0
1505636050,21630454,0.00004919,418.69537500,0
1505636043,21630442,0.00004912,454.74826900,0
1505636033,21630421,0.00004912,584.01755100,0
1505635817,21630088,0.00004897,420.67659347,1
1505635817,21630086,0.00004902,0.00005184,1
1505635812,21630076,0.00004902,418.43907979,1
1505635505,21629825,0.00004918,2406.33466100,0
1505635337,21629489,0.00004909,969.49880500,0
1505635282,21629450,0.00004916,516.71862000,0
1505635277,21629440,0.00004898,1436.05146198,1
1505635259,21629385,0.00004898,854.66138648,1
1505634955,21628907,0.00004894,5412.19620454,0
1505634954,21628906,0.00004894,4572.78407214,1
1505634952,21628902,0.00004908,63.90000000,0
1505634947,21628898,0.00004896,4570.91572319,1
1505634946,21628897,0.00004900,201.76786250,1
1505634803,21628758,0.00004910,992.38821258,1
1505634752,21628656,0.00004903,537.69863609,0
1505634738,21628642,0.00004903,207.27493000,1
1505634738,21628640,0.00004910,1099.62624555,0
1505634654,21628572,0.00004900,5.70460000,1
1505634654,21628570,0.00004901,1431.69540000,1
1505634532,21628400,0.00004919,132.90933116,1
1505634504,21628374,0.00004896,5837.37190283,1
1505634504,21628373,0.00004897,615.96645950,0
1505634504,21628372,0.00004897,3080.68922181,1
1505634502,21628371,0.00004908,1410.72910000,0
1505634502,21628369,0.00004908,2155.24331586,1
1505634333,21628295,0.00004903,865.65607429,1
1505634322,21628282,0.00004905,1950.00000000,1
1505634322,21628281,0.00004910,1574.92489959,1
1505634321,21628280,0.00004913,3393.25314841,1
1505634064,21628157,0.00004911,1530.20000000,0
1505633709,21627937,0.00004912,698.47199596,0
1505633708,21627932,0.00004898,698.47199596,1
1505633183,21627712,0.00004905,4500.00000000,0
1505633024,21627618,0.00004894,1538.62586841,0
1505633023,21627615,0.00004893,28.06076460,0
1505632814,21627529,0.00004882,1400.36275040,1
1505632710,21627480,0.00004881,285.69183000,1
1505632694,21627444,0.00004885,1333.60000000,1
1505632682,21627391,0.00004885,844.15916000,1
1505632672,21627370,0.00004885,576.92754000,1
1505632266,21627123,0.00004868,1155.37526294,1
1505632266,21627122,0.00004868,490.86978306,1
1505632256,21627118,0.00004870,5000.00000000,1
1505632256,21627117,0.00004871,2422.23126899,1
1505632185,21627101,0.00004884,618.51351351,1
1505632185,21627100,0.00004884,2841.39475475,0
1505632097,21627017,0.00004886,616.00000000,0
1505632081,21627013,0.00004871,923.73669700,1
1505632048,21626964,0.00004872,11926.84149368,1
1505632047,21626962,0.00004873,1415.52240000,1
1505632047,21626961,0.00004875,3051.49562372,1
1505631621,21626592,0.00004883,968.53532910,0
1505631612,21626561,0.00004883,1404.67510000,1
1505631612,21626560,0.00004886,162.00000000,1
1505631612,21626559,0.00004889,29.45085090,1
1505631611,21626557,0.00004889,297.66163708,1
1505631572,21626516,0.00004893,99.21111792,0
1505631528,21626488,0.00004893,615.31780094,0
1505631508,21626477,0.00004893,1104.96817210,0
1505631508,21626476,0.00004893,165.29982690,0
1505631479,21626450,0.00004886,4184.78075539,1
1505631479,21626449,0.00004892,1415.53150000,1
1505631478,21626445,0.00004893,1578.88621961,1
1505631477,21626437,0.00004893,573.68330681,1
1505631450,21626383,0.00004905,1018.02625912,0
1505631450,21626382,0.00004905,1422.35580000,0
1505631310,21626259,0.00004891,1414.39730000,0
1505631277,21626237,0.00004894,9225.28931841,0
1505631277,21626235,0.00004894,3702.27653076,1
1505631225,21626180,0.00004904,162.00000000,0
1505631140,21626046,0.00004915,9225.28931841,1
1505631140,21626042,0.00004907,1415.41475545,0
1505631139,21626041,0.00004907,3.40024455,0
1505631138,21626031,0.00004901,1586.90000000,0
1505631107,21625983,0.00004895,920.21460415,0
1505631107,21625982,0.00004895,197.35478585,0
1505630644,21625563,0.00004887,1398.42099503,1
1505630644,21625562,0.00004887,93.81356497,1
1505630533,21625486,0.00004898,1395.87450000,1
1505630529,21625468,0.00004913,334.65275943,0
1505630529,21625467,0.00004913,528.59647106,0
1505630529,21625466,0.00004909,1438.18414851,0
1505630525,21625456,0.00004903,538.82191810,1
1505630518,21625432,0.00004913,481.34169947,1
1505630355,21625313,0.00004893,1418.51419540,1
1505630030,21625077,0.00004899,1422.48440000,1
1505630030,21625075,0.00004900,1510.81993509,1
1505630023,21625057,0.00004907,1153.49929841,0
1505630023,21625056,0.00004907,1638.60819059,0
1505629868,21625015,0.00004905,712.56465200,0
1505629868,21625014,0.00004905,1404.01760000,0
1505629793,21624976,0.00004905,1189.74100000,0
1505629603,21624931,0.00004897,202.00000000,0
1505629602,21624929,0.00004895,7751.23549300,0
1505629592,21624928,0.00004894,1406.58590000,0
1505629537,21624918,0.00004899,782.42399976,0
1505629537,21624917,0.00004894,2247.57600024,0
1505629528,21624913,0.00004894,51.92399976,0
1505629528,21624912,0.00004894,1276.20049424,0
1505629524,21624911,0.00004894,523.43806897,0
1505629524,21624910,0.00004894,1724.13793103,0
1505629519,21624908,0.00004893,372.10533149,0
1505629519,21624907,0.00004892,2657.89466851,0
1505629509,21624905,0.00004893,3030.00000000,0
1505629507,21624903,0.00004893,3088.10534435,0
1505629507,21624902,0.00004892,142.89465565,0
1505629501,21624900,0.00004892,3015.00000000,0
1505629475,21624895,0.00004892,1658.03600000,0
1505629473,21624894,0.00004891,818.76962300,0
1505629466,21624891,0.00004892,1612.99850000,0
1505629466,21624889,0.00004890,1417.00150000,0
1505629462,21624886,0.00004891,451.07307700,0
1505629455,21624882,0.00004888,170.35904255,0
1505629380,21624824,0.00004885,553.26949976,0
1505629380,21624823,0.00004884,1423.24390000,0
1505629380,21624821,0.00004877,380.78300024,0
1505629376,21624820,0.00004877,533.87657300,0
1505629366,21624814,0.00004877,986.01706596,0
1505629366,21624813,0.00004873,382.43938869,0
1505629366,21624812,0.00004872,438.94107096,0
1505629344,21624777,0.00004873,384.19607651,1
1505629343,21624774,0.00004873,585.16161901,1
1505629342,21624771,0.00004877,250.00000000,0
1505629339,21624759,0.00004872,577.29247627,1
1505629337,21624757,0.00004877,573.03449113,0
1505629330,21624735,0.00004868,545.41087007,0
1505629329,21624734,0.00004868,1711.58912993,1
1505629328,21624732,0.00004868,545.41087007,1
1505629326,21624727,0.00004893,1547.10670200,0
1505629323,21624724,0.00004892,184.36444179,1
1505629317,21624712,0.00004875,1807.79839080,1
1505629296,21624661,0.00004870,5895.53147728,0
1505629296,21624655,0.00004870,4627.00000000,1
1505629296,21624654,0.00004870,100.00000000,1
1505629295,21624652,0.00004871,473.82890893,1
1505629295,21624650,0.00004881,4861.56133199,1
1505629295,21624649,0.00004882,500.00000000,1
1505629295,21624647,0.00004883,2367.66225215,1
1505629295,21624644,0.00004894,1702.26418965,1
1505629294,21624640,0.00004894,597.23581035,1
1505629129,21624572,0.00004884,1303.87625093,0
1505629129,21624571,0.00004899,5000.00000000,1
1505629129,21624570,0.00004900,2529.59166360,1
1505629127,21624569,0.00004904,16083.59756826,0
1505629071,21624549,0.00004909,1064.90492200,1
1505629008,21624534,0.00004909,788.87920400,0
1505628998,21624530,0.00004909,1204.73844000,0
1505628993,21624525,0.00004909,788.87920400,0
1505628987,21624514,0.00004909,1993.61764400,0
1505628957,21624500,0.00004901,1000.00000000,0
1505628921,21624489,0.00004901,1000.00000000,1
1505628559,21624354,0.00004910,5032.13462321,0
1505628559,21624353,0.00004909,1317.07134788,0
1505628557,21624352,0.00004906,2199.99853115,1
1505628557,21624351,0.00004906,1408.38220000,0
1505628219,21624225,0.00004906,123.83962500,1
1505628126,21624201,0.00004919,40.55722708,0
1505627841,21624129,0.00004907,1409.43280000,0
1505627840,21624128,0.00004906,2298.20000000,0
1505627814,21624120,0.00004913,669.21384978,1
1505627799,21624112,0.00004907,580.07304711,1
1505627787,21624097,0.00004906,2169.32332000,0
1505627756,21624073,0.00004923,6283.78915295,1
1505627756,21624072,0.00004922,2240.13299528,0
1505627755,21624071,0.00004918,832.41822520,0
1505627754,21624070,0.00004918,1885.68715100,0
1505627719,21624024,0.00004922,1190.17066233,0
1505627719,21624023,0.00004922,1782.15485714,0
1505627719,21624021,0.00004917,1783.58691428,0
1505627717,21624020,0.00004916,1131.64045203,0
1505627617,21623954,0.00004910,1418.04790000,0
1505627478,21623888,0.00004910,3028.35043977,0
1505627478,21623886,0.00004905,1383.90200000,0
1505627478,21623884,0.00004905,809.92553123,0
1505627446,21623877,0.00004907,6620.58600000,0
1505627396,21623850,0.00004911,2623.57082600,0
1505627394,21623849,0.00004912,3030.00000000,0
1505627391,21623848,0.00004913,2662.18000000,0
1505627347,21623828,0.00004898,36.48842086,0
1505627332,21623823,0.00004898,328.39578773,0
1505627323,21623809,0.00004899,508.97648106,1
1505627322,21623808,0.00004899,565.52942340,0
1505627317,21623796,0.00004898,871.92247126,1
1505627314,21623779,0.00004900,559.35947696,1
1505627314,21623778,0.00004913,1032.76099980,0
1505627313,21623776,0.00004907,0.00000020,0
1505627308,21623767,0.00004907,868.21758600,0
1505627298,21623747,0.00004897,4019.52530782,1
1505627298,21623746,0.00004907,9010.32696218,1
1505627298,21623743,0.00004907,867.00339080,1
1505627297,21623734,0.00004907,570.17964702,1
1505627292,21623724,0.00004897,688.82156560,1
1505627292,21623722,0.00004906,176.50280221,1
1505627292,21623721,0.00004906,601.89683776,1
1505627291,21623718,0.00004906,140.47793203,0
1505627291,21623714,0.00004906,778.39964010,0
1505627272,21623631,0.00004916,596.53612725,1
1505627267,21623606,0.00004922,1780.82897100,0
1505627259,21623574,0.00004927,1649.60000000,1
1505626783,21623308,0.00004921,963.94559600,0
1505626782,21623307,0.00004912,386.39133100,0
1505626747,21623297,0.00004912,911.00866900,0
1505626747,21623296,0.00004912,1297.40000000,0
1505626747,21623295,0.00004912,1297.40000000,0
1505626722,21623289,0.00004910,852.67948000,1
1505626722,21623288,0.00004910,1395.65460000,1
1505626714,21623286,0.00004907,350.00000000,0
1505626688,21623278,0.00004910,463.31323700,0
1505626582,21623240,0.00004895,882.52034285,1
1505626572,21623206,0.00004912,606.88278492,1
1505626551,21623198,0.00004911,470.43510300,1
1505626421,21623171,0.00004920,627.06507000,0
1505626401,21623165,0.00004919,874.51319932,0
1505626401,21623164,0.00004918,9791.44227944,0
1505626396,21623163,0.00004910,1301.40000000,0
1505626366,21623144,0.00004911,11917.02363974,1
1505626356,21623139,0.00004911,4332.97636026,1
1505626356,21623138,0.00004912,6500.51768474,1
1505626344,21623132,0.00004916,1486.80610000,1
1505626312,21623120,0.00004918,1541.71558372,1
1505626250,21623052,0.00004934,1374.32400000,0
1505626241,21623035,0.00004917,9372.18401181,1
1505626241,21623033,0.00004928,599.37431819,1
1505626240,21623026,0.00004928,1411.02568181,0
1505626221,21622997,0.00004924,631.85905334,1
1505626221,21622996,0.00004924,1382.81860000,1
1505626221,21622995,0.00004925,1378.31221666,1
1505625766,21622803,0.00004940,296.70300000,1
1505624565,21622428,0.00004945,1037.77758067,1
1505624565,21622427,0.00004945,3673.90777828,0
1505624565,21622426,0.00004944,21053.02000000,0
1505624523,21622390,0.00004923,996.94280100,1
1505624453,21622352,0.00004927,869.26873857,1
1505624415,21622322,0.00004925,297.00000000,1
1505624391,21622305,0.00004925,2601.87182000,1
1505624362,21622296,0.00004940,1116.09514170,1
1505624318,21622270,0.00004940,1508.90485830,1
1505624139,21622131,0.00004957,1000.00000000,1
1505623739,21621980,0.00004958,597.27642315,0
1505623736,21621972,0.00004958,3338.74514147,0
1505623736,21621971,0.00004955,2299.70000000,0
1505623264,21621690,0.00004941,112.81696100,1
1505622989,21621605,0.00004947,501.36122902,0
1505622659,21621447,0.00004940,599.87774000,1
1505622540,21621347,0.00004951,79.79725363,0
1505622149,21621148,0.00004881,4183.58643300,1
1505621764,21621038,0.00004895,3047.47611565,1
1505621763,21621037,0.00004898,1387.81260000,1
1505621763,21621036,0.00004900,45.20863155,1
1505621763,21621035,0.00004901,1599.70000000,1
1505621633,21621007,0.00004901,700.00000026,1
1505621615,21621001,0.00004901,1252.34208000,1
1505621417,21620949,0.00004912,171.12642508,0
1505621237,21620856,0.00004914,576.26353276,0
1505621176,21620827,0.00004910,507.89511202,0
1505621150,21620809,0.00004912,2436.88925081,1
1505620814,21620665,0.00004881,45.20863155,1
1505620774,21620655,0.00004892,40.72576755,1
1505620734,21620647,0.00004892,1872.50000000,0
1505620734,21620645,0.00004892,1392.33500000,0
1505620733,21620644,0.00004892,306.73923245,0
1505620732,21620641,0.00004881,204.87604999,1
1505620719,21620633,0.00004892,536.79822000,0
1505620228,21620336,0.00004889,441.31291016,1
1505620180,21620311,0.00004892,1756.61503500,0
1505620032,21620230,0.00004892,343.05327810,0
1505620015,21620224,0.00004900,67.30000000,1
1505620015,21620223,0.00004900,250.00000000,1
1505620015,21620222,0.00004901,218.74344098,1
1505620015,21620221,0.00004901,500.00000000,1
1505619997,21620205,0.00004902,436.48000994,1
1505619942,21620110,0.00004910,1732.95916379,1
1505619942,21620109,0.00004910,1417.17308521,1
1505619929,21620102,0.00004910,302.00984200,1
1505619928,21620101,0.00004910,404.17715577,1
1505619928,21620100,0.00004910,5229.91772535,1
1505619928,21620099,0.00004910,2143.14861867,1
1505619928,21620098,0.00004910,272.41722121,1
1505619919,21620088,0.00004913,3455.56100117,1
1505619919,21620087,0.00004913,4569.77436054,1
1505619917,21620086,0.00004913,1646.25981800,1
1505619857,21620050,0.00004918,336.81237200,1
1505619633,21619980,0.00004920,1117.10870700,0
1505619378,21619775,0.00004921,1642.47190500,0
1505619341,21619729,0.00004919,842.12290381,1
1505619337,21619723,0.00004922,1383.52250000,1
1505618994,21619560,0.00004925,1380.34420000,1
1505618994,21619558,0.00004926,2308.90000000,1
1505618400,21619202,0.00004935,1375.38729971,1
1505618400,21619201,0.00004941,0.00000029,1
1505618388,21619182,0.00004941,895.31419400,1
1505618304,21619141,0.00004936,60.57600324,1
1505618252,21619079,0.00004941,681.04925000,0
1505618119,21619028,0.00004932,476.01049248,1
1505618108,21619023,0.00004931,894.69899492,0
1505617844,21618819,0.00004933,1334.94780000,1
1505617844,21618818,0.00004944,52.00000000,1
1505617843,21618815,0.00004948,1872.20000000,0
1505617479,21618665,0.00004944,81.25910828,0
1505617479,21618663,0.00004943,1386.85849143,0
1505617479,21618662,0.00004930,0.00000029,0
1505617475,21618655,0.00004926,1373.91370000,0
1505617472,21618652,0.00004925,652.35187817,1
1505617450,21618606,0.00004930,1271.60646200,0
1505617430,21618598,0.00004930,80.45463771,1
1505617351,21618587,0.00004923,1219.88053637,1
1505617344,21618584,0.00004949,6638.34734289,0
1505617344,21618583,0.00004948,3627.34703480,0
1505617344,21618582,0.00004948,623.19005555,0
1505617343,21618580,0.00004947,2298.20000000,0
1505617342,21618579,0.00004947,11729.74684482,0
1505617336,21618571,0.00004927,1379.01300000,1
1505617315,21618556,0.00004928,1372.82500000,0
1505617298,21618544,0.00004928,1372.82500000,1
1505617274,21618521,0.00004925,710.47553299,1
1505617261,21618507,0.00004925,197.68386835,1
1505617248,21618501,0.00004944,711.91467853,0
1505617230,21618482,0.00004944,202.99988890,1
1505617221,21618457,0.00004931,1382.34870000,1
1505617221,21618455,0.00004946,892.43813693,1
1505617209,21618436,0.00004941,1376.30250000,0
1505617196,21618423,0.00004945,1.74614851,0
1505617182,21618410,0.00004933,159.74522965,1
1505617150,21618372,0.00004933,1652.39995946,1
1505617134,21618362,0.00004933,2417.38516116,1
1505617034,21618345,0.00004936,361.49471974,1
1505617010,21618328,0.00004939,1342.97530213,1
1505617010,21618327,0.00004941,1370.70520000,1
1505616853,21618300,0.00004942,607.04168353,1
1505616654,21618222,0.00004938,2247.48570093,1
1505616629,21618169,0.00004947,217.92156518,0
1505616603,21618140,0.00004948,1346.12870000,0
1505616575,21618117,0.00004928,868.86981063,0
1505616558,21618094,0.00004944,1356.50950000,0
1505616551,21618084,0.00004928,812.18274112,1
1505616536,21618059,0.00004939,4147.63930985,1
1505616514,21617997,0.00004922,79.13977960,0
1505616495,21617984,0.00004921,766.26302342,1
1505616495,21617982,0.00004922,487.18444661,1
1505616483,21617975,0.00004938,484.69059472,0
1505616482,21617974,0.00004921,812.84291811,1
1505616457,21617967,0.00004921,798.16663280,1
1505616444,21617961,0.00004921,1611.00955090,1
1505616431,21617952,0.00004921,812.84291811,1
1505616420,21617938,0.00004921,812.84291811,1
1505616390,21617875,0.00004921,690.84455337,1
1505616390,21617874,0.00004922,121.99836474,1
1505616376,21617867,0.00004921,570.95405545,1
1505616376,21617866,0.00004922,243.54909432,1
1505616371,21617861,0.00004942,1353.38970000,0
1505616363,21617860,0.00004921,814.50314977,1
1505616350,21617848,0.00004921,1344.92435290,1
1505616350,21617847,0.00004922,486.00450889,1
1505616337,21617838,0.00004921,813.00813008,1
1505616318,21617815,0.00004920,1016.26016260,1
1505616274,21617789,0.00004948,0.00000293,1
1505616273,21617787,0.00004948,1722.23201000,1
1505616165,21617742,0.00004932,759.85229165,1
1505616162,21617741,0.00004932,759.09258000,1
1505616126,21617719,0.00004933,1704.04162527,1
1505616111,21617709,0.00004938,1000.00000000,0
1505616086,21617682,0.00004938,3643.84902686,1
1505616073,21617648,0.00004938,4319.81476470,1
1505616060,21617630,0.00004938,536.23390235,1
1505616038,21617577,0.00004940,351.73762862,0
1505616036,21617574,0.00004952,361.81359472,0
1505616036,21617573,0.00004940,122.87700000,0
1505615994,21617526,0.00004939,1316.20790970,0
1505615992,21617518,0.00004941,1375.80880000,1
1505615982,21617491,0.00004961,544.99940508,0
1505615982,21617490,0.00004959,1372.21010000,0
1505615944,21617455,0.00004962,1365.36530000,0
1505615811,21617407,0.00004944,337.20522749,0
1505615796,21617379,0.00004944,531.01574484,1
1505615792,21617367,0.00004955,131.69398196,0
1505615783,21617353,0.00004944,605.85614811,1
1505615771,21617344,0.00004953,1361.79073359,0
1505615758,21617337,0.00004953,752.45923082,0
1505615750,21617332,0.00004955,274.64273969,0
1505615749,21617331,0.00004955,201.44284731,0
1505615585,21617163,0.00004942,1416.63537030,1
1505615571,21617138,0.00004942,1448.68070000,1
1505615545,21617111,0.00004948,999.72069523,1
1505615532,21617099,0.00004948,999.72069523,1
1505615518,21617077,0.00004948,2586.65986257,1
1505615507,21617058,0.00004948,350.20123068,1
1505615469,21616972,0.00004972,597.34850692,1
1505615464,21616955,0.00004972,609.40933701,1
1505615413,21616916,0.00004959,521.12936428,1
1505615388,21616864,0.00004974,950.09303128,0
1505615347,21616819,0.00004950,551.62178788,1
1505615310,21616785,0.00004967,162.85338889,0
1505615301,21616780,0.00004971,590.37400000,1
1505615301,21616779,0.00004971,716.62407646,1
1505615281,21616759,0.00004957,1373.55060000,1
1505615191,21616719,0.00004952,1434.20810000,1
1505615173,21616715,0.00004959,1286.33252953,1
1505615083,21616660,0.00004955,1157.30338953,1
1505615074,21616659,0.00004965,2619.34206300,1
1505615070,21616651,0.00004955,1422.60000000,1
1505615057,21616648,0.00004956,1422.60000000,1
1505615032,21616636,0.00004956,1647.49580690,1
1505615015,21616614,0.00004962,144.60282258,1
1505615003,21616600,0.00004961,323.47415370,1
1505615003,21616599,0.00004963,1465.45019846,1
1505614946,21616548,0.00004966,855.41803700,1
1505614926,21616543,0.00004963,601.39946032,1
1505614917,21616526,0.00004981,2288.93187085,0
1505614911,21616516,0.00004965,1374.39540000,1
1505614885,21616500,0.00004962,602.85883530,1
1505614832,21616456,0.00004968,9002.16912800,1
1505614816,21616425,0.00004971,605.92791900,0
1505614810,21616417,0.00004970,596.88993393,1
1505614805,21616398,0.00004969,379.00000000,1
1505614804,21616396,0.00004969,368.38266697,1
1505614742,21616366,0.00004974,977.72177125,0
1505614714,21616354,0.00004986,858.57923091,0
1505614713,21616349,0.00004973,609.24069000,1
1505614688,21616320,0.00004985,1020.09413692,0
1505614687,21616318,0.00004973,723.85033193,1
1505614490,21616239,0.00004974,2538.96160032,0
1505614062,21616069,0.00004972,4790.43106900,1
1505614062,21616068,0.00004973,1370.23680000,1
1505613862,21615903,0.00004969,1351.87480000,1
1505613862,21615899,0.00004982,288.56241038,0
1505613776,21615872,0.00004993,1223.38766964,0
1505613753,21615866,0.00004988,1453.52990452,0
1505613694,21615835,0.00004986,1299.57077836,0
1505613668,21615786,0.00004987,1129.01338166,1
1505613658,21615774,0.00004972,875.60804000,1
1505613623,21615753,0.00004975,349.60313710,1
1505613618,21615744,0.00004975,100.64412238,1
1505613592,21615723,0.00004990,1999.60709277,0
1505613589,21615722,0.00004993,16598.27278189,0
1505613589,21615721,0.00004992,1331.65583364,0
1505613589,21615720,0.00004990,976.20675668,0
1505613589,21615719,0.00004990,458.75029916,0
1505613588,21615718,0.00004986,6794.19119792,1
1505613323,21615662,0.00004989,199.36314763,1
1505613322,21615661,0.00004988,1582.16534690,0
1505613198,21615634,0.00004987,2159.03416351,1
1505613198,21615632,0.00004984,1879.80041215,0
1505613145,21615610,0.00004983,518.93523331,0
1505613132,21615605,0.00004989,1554.24795436,0
1505613132,21615604,0.00004988,1685.65892362,0
1505613128,21615601,0.00004983,1447.30000000,0
1505613127,21615599,0.00004979,289.10885720,1
1505613114,21615584,0.00004979,289.11267323,1
1505613077,21615573,0.00004979,195.52518131,1
1505613070,21615565,0.00004967,279.83332159,0
1505613062,21615558,0.00004976,188.10289389,1
1505613028,21615535,0.00004967,349.58397322,1
1505612973,21615490,0.00004967,1357.93710000,1
1505612929,21615452,0.00004974,816.29513699,0
1505612928,21615451,0.00004975,0.00000301,1
1505612928,21615450,0.00004975,296.05088000,1
1505612892,21615405,0.00004974,733.45670000,1
1505612839,21615320,0.00004975,1140.77023000,1
1505612773,21615264,0.00004968,846.19996294,1
1505612766,21615247,0.00004978,329.90527251,1
1505612760,21615242,0.00004962,112.59414863,1
1505612760,21615241,0.00004963,1716.36051637,1
1505612747,21615224,0.00004967,1147.16095000,1
1505612741,21615213,0.00004984,3259.49402370,1
1505612722,21615170,0.00004966,1362.96350000,1
1505612670,21615145,0.00004965,1353.93470000,1
1505612651,21615139,0.00004960,1467.75300000,1
1505612443,21615012,0.00004960,809.30044480,1
1505612417,21614987,0.00004970,1373.88730000,1
1505612368,21614943,0.00004985,113.73248000,1
1505612345,21614906,0.00004990,516.37800000,1
1505612343,21614903,0.00004990,2483.62200000,1
1505612337,21614885,0.00004967,1064.11912000,1
1505612272,21614827,0.00004981,1127.56579000,0
1505612260,21614811,0.00004995,1153.92050811,1
1505612245,21614800,0.00004979,1362.03090000,1
1505612012,21614650,0.00004983,319.68000000,1
1505612007,21614646,0.00004984,308.53006828,1
1505611480,21614443,0.00004976,1374.73960000,1
1505611246,21614330,0.00004972,287.94900000,1
1505611243,21614327,0.00004967,941.91647500,1
1505611146,21614260,0.00004978,1353.67350000,1
1505611146,21614259,0.00004982,9791.44227900,1
1505611145,21614258,0.00004981,9791.44227944,1
1505611110,21614243,0.00005000,999.99999960,0
1505611110,21614242,0.00005000,236.50000000,0
1505611110,21614241,0.00004993,842.12290381,0
1505611110,21614240,0.00004992,595.70544959,0
1505611103,21614233,0.00004985,12525.83547998,1
1505611103,21614232,0.00004985,8901.35474903,1
1505611103,21614230,0.00004985,1358.50000000,0
1505611103,21614229,0.00004984,2978.52724797,0
1505611017,21614134,0.00004975,859.16091700,0
1505610868,21614035,0.00004969,950.67000000,0
1505610868,21614034,0.00004969,2473.83836100,0
1505610868,21614033,0.00004967,208.85500000,0
1505610867,21614032,0.00004967,1180.88000000,0
1505610831,21613998,0.00004965,3275.60324093,1
1505610831,21613995,0.00004966,2340.22188707,1
1505610742,21613883,0.00004982,1713.44097244,0
1505610717,21613828,0.00004982,77.08715000,1
1505610706,21613790,0.00004982,1882.39033502,0
1505610521,21613441,0.00004974,2320.69253200,0
1505610428,21613397,0.00004950,898.47246162,1
1505610428,21613396,0.00004958,1379.66450000,1
1505610428,21613395,0.00004959,15944.90056764,1
1505610427,21613394,0.00004962,4483.86566720,1
1505610326,21613371,0.00004980,47.70080321,0
1505610159,21613226,0.00004968,3.28480000,1
1505609894,21613072,0.00004959,601.15272173,1
1505609880,21613047,0.00004970,757.39637827,0
1505609880,21613043,0.00004959,1358.54910000,1
1505609673,21612981,0.00004948,1358.44740000,1
1505609672,21612980,0.00004965,2300.50000000,0
1505609613,21612951,0.00004967,765.29957720,0
1505609587,21612938,0.00004952,1357.98310000,1
1505609587,21612936,0.00004952,1862.80000000,1
1505609550,21612924,0.00004970,50.60362173,0
1505609111,21612774,0.00004969,60.22358623,0
1505609084,21612773,0.00004952,437.72166657,1
1505608890,21612724,0.00004956,866.78499703,1
1505608890,21612723,0.00004957,2262.68240297,1
1505608756,21612609,0.00004968,1595.00000000,0
1505608478,21612541,0.00004968,533.00000000,0
1505608460,21612526,0.00004959,2123.36008298,0
1505607607,21612387,0.00004959,5229.91772535,0
1505606907,21611909,0.00004945,1600.00000000,0
1505606568,21611692,0.00004946,7579.52446421,0
1505606555,21611683,0.00004945,502.28311426,0
