date,tid,price,amount,type
1505692836,21687767,0.15353,1064.96809000,1
1505692768,21687717,0.15354,1673.82741900,1
1505692633,21687673,0.15357,102.69433600,1
1505692565,21687630,0.15358,1000.00000000,1
1505692545,21687586,0.15395,1663.91993700,0
1505692456,21687495,0.15395,877.17484800,1
1505692357,21687409,0.15395,852.22552100,1
1505691213,21686519,0.15395,12000.00000000,1
1505689708,21685572,0.15385,1336.83440000,0
1505688145,21684893,0.15361,0.00002000,0
1505688106,21684868,0.15361,50.08923000,1
1505688104,21684855,0.15361,0.00002000,0
1505688093,21684852,0.15361,253.98920000,0
1505688064,21684839,0.15367,273.44960000,0
1505687891,21684698,0.15367,1072.49790396,1
1505687875,21684688,0.15367,213.90849604,0
1505687873,21684686,0.15367,1072.49800000,0
1505687870,21684684,0.15367,514.11978659,0
1505687869,21684683,0.15367,514.91969805,0
1505687869,21684682,0.15367,551.22946932,0
1505687853,21684671,0.15436,454.48242000,0
1505687739,21684632,0.15381,120.80796704,0
1505687735,21684622,0.15524,1474.28694556,0
1505687735,21684621,0.15469,2059.43500000,0
1505687733,21684617,0.15436,977.00417516,0
1505687704,21684547,0.15436,3846.35027264,0
1505687704,21684546,0.15435,170.00000000,0
1505687698,21684538,0.15436,3839.77621191,0
1505687697,21684534,0.15436,204.00712619,0
1505687695,21684531,0.15436,3839.77621191,0
1505687690,21684525,0.15436,2206.48538130,0
1505687684,21684514,0.15436,1386.19584089,0
1505687670,21684498,0.15377,170.00000000,1
1505687550,21684466,0.15435,1024.98082280,0
1505687527,21684460,0.15435,174.49083252,0
1505687268,21684332,0.15373,5880.00000000,1
1505686891,21683850,0.15366,457.85362000,1
1505686866,21683719,0.15376,919.17278000,1
1505686798,21683425,0.15376,50.03996000,0
1505686774,21683350,0.15376,1358.69440000,1
1505686764,21683316,0.15377,488.81170000,1
1505686541,21682755,0.15486,4508.93942916,0
1505686363,21682357,0.15417,882.28672000,1
1505686348,21682312,0.15415,488.81170000,1
1505684051,21678756,0.15460,1997.23872634,0
1505684051,21678755,0.15358,0.25683000,0
1505683986,21678666,0.15354,1000.00000000,1
1505683426,21678250,0.15410,810.10741200,0
1505683281,21678218,0.15355,144.90000000,1
1505683079,21678066,0.15353,1063.95449000,0
1505683061,21678042,0.15500,40.00000000,0
1505683050,21678036,0.15394,40.00000000,1
1505683024,21678020,0.15397,952.64100000,0
1505683020,21678010,0.15395,908.96900000,0
1505682980,21677992,0.15406,161.98887000,0
1505682975,21677986,0.15406,194.44278580,0
1505682968,21677973,0.15408,3028.29966453,0
1505682921,21677947,0.15356,200.00000000,0
1505682866,21677894,0.15352,275.06626000,1
1505682853,21677881,0.15352,862.42512000,0
1505682828,21677809,0.15351,248.77826000,1
1505682815,21677805,0.15385,1004.99999775,0
1505682808,21677795,0.15385,2523.18491225,1
1505682801,21677787,0.15385,1005.00000000,1
1505682798,21677783,0.15392,1360.20049376,0
1505682569,21677588,0.15385,1876.11800000,1
1505682549,21677557,0.15385,4000.00000000,1
1505682540,21677547,0.15385,2879.88668500,1
1505682516,21677486,0.15423,230.89522142,0
1505682501,21677458,0.15385,693.51917700,1
1505682408,21677371,0.15386,228.00000000,1
1505682175,21676933,0.15568,128.14748201,0
1505682004,21676684,0.15426,873.00000000,1
1505681885,21676623,0.15569,1101.93723424,0
1505681786,21676492,0.15522,4078.74700000,0
1505681785,21676490,0.15522,1300.74213700,0
1505681544,21676223,0.15504,1562.93586100,0
1505681442,21676163,0.15403,8533.77713644,0
1505681442,21676161,0.15404,944.51713000,0
1505681442,21676160,0.15465,6641.01364346,1
1505681440,21676158,0.15467,5319.32427010,1
1505681440,21676157,0.15470,4717.13782000,1
1505681078,21676041,0.15544,1000.01020000,0
1505681078,21676040,0.15540,3999.98980000,0
1505680849,21675912,0.15466,2439.84050000,0
1505680701,21675818,0.15400,0.00011013,0
1505680407,21675626,0.15400,149.99988987,0
1505679514,21675183,0.15416,1719.90000000,1
1505679501,21675170,0.15415,1336.24720000,1
1505679487,21675152,0.15413,298.80000000,1
1505679473,21675134,0.15406,93.94299176,0
1505679471,21675131,0.15406,859.28601824,0
1505679316,21675040,0.15394,165.40470000,1
1505679277,21675006,0.15386,391.94099000,1
1505679157,21674897,0.15387,2847.13318000,1
1505679150,21674885,0.15387,0.00011943,0
1505679149,21674880,0.15387,2847.13323057,0
1505678578,21674428,0.15422,1144.71819000,1
1505678411,21674285,0.15422,3660.67800000,1
1505677785,21673703,0.15475,1666.56934400,0
1505677532,21673524,0.15471,1547.76591400,0
1505677311,21673387,0.15493,1438.30666000,0
1505677208,21673306,0.15517,1337.13990063,0
1505677124,21673261,0.15539,304.46192245,0
1505676953,21673188,0.15489,938.84717200,0
1505676946,21673178,0.15494,535.28858991,0
1505676935,21673164,0.15385,1201.63082575,1
1505676935,21673163,0.15386,522.55900484,1
1505676935,21673162,0.15493,3050.93080741,1
1505676684,21672853,0.15385,1341.85850000,1
1505676684,21672850,0.15385,3378.79524240,1
1505676684,21672844,0.15385,1431.77009927,1
1505676683,21672843,0.15386,1754.89342000,1
1505676683,21672842,0.15486,8942.58300000,1
1505676683,21672841,0.15490,8765.43515000,1
1505676682,21672840,0.15493,12759.81443000,0
1505676682,21672836,0.15493,6645.50390073,1
1505676626,21672812,0.15566,640.82371836,0
1505676044,21672455,0.15561,5553.30517692,0
1505676044,21672454,0.15560,3459.66610000,0
1505676044,21672452,0.15530,482.80310348,0
1505676043,21672450,0.15530,1364.54821052,0
1505675952,21672332,0.15530,152.64868600,0
1505675059,21671749,0.15538,3209.89258592,0
1505675040,21671745,0.15542,1045.29125000,0
1505675026,21671737,0.15397,4927.00000000,1
1505674906,21671598,0.15566,2345.62737633,1
1505674905,21671597,0.15566,4062.61000000,0
1505674658,21671300,0.15498,4690.36731000,0
1505674657,21671297,0.15497,1985.54300000,0
1505674654,21671271,0.15499,1321.49000000,0
1505674652,21671256,0.15500,1985.54300000,0
1505674652,21671254,0.15500,1909.09687800,0
1505674652,21671251,0.15499,3585.83080000,0
1505674553,21671042,0.15386,2713.00000000,1
1505674540,21671029,0.15385,4593.12007793,1
1505674540,21671028,0.15400,600.35116762,1
1505674540,21671027,0.15403,1077.27171000,1
1505674540,21671026,0.15403,5395.25614000,1
1505674538,21671021,0.15479,334.00090445,1
1505674439,21670804,0.15479,1516.71026100,0
1505674293,21670530,0.15482,100.00000000,0
1505674105,21670344,0.15386,600.00000000,1
1505674096,21670319,0.15385,4775.65418040,1
1505674096,21670318,0.15387,770.60725000,1
1505674096,21670317,0.15409,100.00000000,1
1505674096,21670316,0.15410,3849.51295000,1
1505673633,21669638,0.15457,1980.52385927,1
1505673633,21669637,0.15487,3296.47614073,0
1505673632,21669636,0.15487,2986.02776000,1
1505673632,21669635,0.15482,363.00000000,0
1505673630,21669625,0.15500,880.06500000,1
1505673629,21669624,0.15500,119.93500000,1
1505673629,21669623,0.15505,3223.60000000,1
1505673586,21669561,0.15540,2000.00000000,1
1505673579,21669546,0.15584,255.11436000,1
1505673285,21669278,0.15549,1627.50337700,1
1505673225,21669235,0.15546,1159.15386200,1
1505673225,21669233,0.15547,1441.81803000,1
1505673225,21669232,0.15600,910.32677500,1
1505673223,21669229,0.15600,5414.68122500,1
1505673218,21669221,0.15600,632.77900000,1
1505673194,21669200,0.15600,542.21300000,1
1505673167,21669160,0.15601,1391.42430548,1
1505673151,21669109,0.15601,3214.83860900,1
1505673150,21669108,0.15601,3434.08704100,1
1505673009,21668934,0.15602,4287.92250500,1
1505673008,21668929,0.15614,3000.00000000,1
1505672927,21668800,0.15735,619.34000000,0
1505672924,21668793,0.15736,446.60700000,0
1505672917,21668785,0.15736,10019.81755210,0
1505672916,21668781,0.15722,1494.88671000,0
1505672915,21668780,0.15722,1338.26650000,0
1505672825,21668468,0.15622,4104.22984630,1
1505672821,21668456,0.15622,4508.77596818,1
1505672801,21668384,0.15657,652.67711000,0
1505672801,21668383,0.15656,731.60070100,0
1505672800,21668377,0.15656,587.40939900,1
1505672791,21668338,0.15741,281.78800000,0
1505672747,21668300,0.15741,63.36992567,0
1505672724,21668285,0.15653,49.30040000,1
1505672722,21668284,0.15715,0.69960000,1
1505672596,21668136,0.15747,4020.35935211,0
1505672596,21668135,0.15742,1454.20854789,0
1505672596,21668134,0.15741,1325.43210000,0
1505672491,21668001,0.15742,1454.93568161,1
1505672424,21667903,0.15756,2943.58307946,0
1505672423,21667902,0.15755,1317.31740000,0
1505672423,21667901,0.15750,76.00000000,0
1505672423,21667900,0.15747,1000.00000000,0
1505672421,21667898,0.15722,363.00000000,0
1505672335,21667822,0.15700,999.05940000,0
1505672326,21667814,0.15700,0.94060000,0
1505672326,21667813,0.15699,1337.29940000,0
1505672324,21667807,0.15697,142.83147000,1
1505672314,21667757,0.15699,551.37694007,0
1505672314,21667754,0.15699,3403.17305993,0
1505672152,21667563,0.15697,78.23150920,0
1505672051,21667465,0.15635,1214.52542373,1
1505671950,21667366,0.15699,1000.00000000,0
1505671852,21667248,0.15700,1000.00000000,0
1505671852,21667246,0.15699,1000.00000000,0
1505671842,21667178,0.15677,3686.35801578,0
1505671842,21667176,0.15676,1313.45850000,0
1505671837,21667171,0.15610,332.88832521,1
1505671727,21667085,0.15605,306.13014000,1
1505671701,21667061,0.15675,788.93673007,0
1505671699,21667060,0.15623,27.33149813,0
1505671673,21667038,0.15623,245.98348312,0
1505671628,21666985,0.15623,0.04033875,1
1505671623,21666970,0.15623,273.31498432,1
1505671611,21666965,0.15623,200.00000000,1
1505671553,21666805,0.15612,13.74396967,0
1505671549,21666777,0.15612,256.83675033,0
1505671501,21666724,0.15601,999.00000000,1
1505671402,21666615,0.15587,92.41928000,0
1505671361,21666552,0.15583,92.02745000,1
1505671200,21666435,0.15522,741.47787000,1
1505671106,21666399,0.15668,1211.20481235,0
1505671105,21666398,0.15644,1328.43150000,1
1505671104,21666397,0.15644,646.64865499,0
1505671064,21666385,0.15578,300.00000000,1
1505671058,21666379,0.15578,9317.77000000,1
1505671023,21666356,0.15673,12767.34687000,1
1505671023,21666355,0.15671,1333.63170000,0
1505670980,21666314,0.15674,1334.62940000,0
1505670952,21666299,0.15605,101.35150000,1
1505670930,21666262,0.15602,120.41762897,1
1505670930,21666261,0.15609,0.00000103,1
1505670924,21666245,0.15609,394.19384897,0
1505670890,21666226,0.15600,56.01771356,0
1505670861,21666213,0.15580,1000.00000000,0
1505670821,21666155,0.15564,120.41763000,1
1505670738,21666053,0.15609,127.81164713,0
1505670657,21665976,0.15568,139.78780000,1
1505670655,21665974,0.15569,176.22092000,1
1505670537,21665810,0.15609,522.00549610,1
1505670532,21665802,0.15609,11810.73346439,1
1505670525,21665783,0.15677,1841.79390189,0
1505670523,21665777,0.15676,1340.04110000,0
1505670297,21665391,0.15677,1034.63946233,0
1505670297,21665388,0.15670,200.00000000,0
1505670297,21665387,0.15658,3000.00000000,0
1505670296,21665386,0.15650,2773.92854960,0
1505670296,21665384,0.15649,1335.97990000,0
1505670289,21665338,0.15650,1726.07145040,0
1505670289,21665337,0.15649,34.51551000,0
1505670289,21665334,0.15598,6529.57853000,0
1505670289,21665333,0.15597,172.57753000,0
1505670289,21665331,0.15594,1033.03136000,0
1505670254,21665277,0.15598,66.22402000,0
1505670254,21665276,0.15597,243.61498000,0
1505670251,21665272,0.15597,0.81051992,0
1505670251,21665271,0.15596,1152.97948008,0
1505670248,21665268,0.15596,104.26058000,0
1505670226,21665221,0.15596,91.87443992,0
1505670226,21665220,0.15596,79.82142000,0
1505670221,21665198,0.15457,503.12705000,1
1505670216,21665194,0.15593,44.79336882,0
1505670208,21665178,0.15529,400.50901278,1
1505670208,21665176,0.15581,197.26569722,1
1505670207,21665175,0.15581,410.93076000,0
1505670200,21665165,0.15529,563.39011000,1
1505670063,21664894,0.15522,176.52212796,0
1505670063,21664892,0.15520,741.47787204,0
1505670058,21664872,0.15520,5887.66961796,0
1505670058,21664871,0.15500,0.00000004,0
1505670041,21664828,0.15500,2506.99999996,0
1505670041,21664827,0.15500,6323.35863904,0
1505670034,21664821,0.15499,669.37439000,0
1505670034,21664820,0.15499,3809.41629800,0
1505669998,21664767,0.15499,1190.58370200,0
1505669970,21664737,0.15438,410.93076000,1
1505669957,21664701,0.15484,124.39823000,1
1505669943,21664680,0.15484,1054.26601000,1
1505669938,21664670,0.15484,124.39823000,1
1505669905,21664564,0.15485,100.00000000,1
1505669899,21664540,0.15485,4240.16376890,0
1505669899,21664535,0.15484,1337.37920000,0
1505669894,21664496,0.15485,309.32370570,0
1505669893,21664488,0.15485,1346.02490000,1
1505669893,21664483,0.15486,6875.79652589,0
1505669890,21664469,0.15485,1337.96664655,0
1505669877,21664387,0.15412,137.39893000,1
1505669871,21664358,0.15412,1700.15576000,1
1505669851,21664309,0.15497,3395.67574369,0
1505669849,21664305,0.15496,3639.94860000,0
1505669468,21663672,0.15409,842.08852000,1
1505669457,21663645,0.15409,667.98938000,1
1505669449,21663629,0.15409,667.98938000,1
1505669204,21663346,0.15487,96.59714599,0
1505669197,21663326,0.15400,9.23997476,0
1505669196,21663321,0.15400,478.76002524,0
1505669196,21663320,0.15397,9.23997476,0
1505669195,21663310,0.15397,327.58226785,0
1505669185,21663302,0.15397,3073.44464800,0
1505669185,21663301,0.15394,3232.37750000,0
1505669180,21663298,0.15395,460.67391000,1
1505669162,21663250,0.15393,3131.69130000,0
1505669161,21663247,0.15392,2505.89270000,0
1505669161,21663246,0.15392,4201.51824800,0
1505669135,21663190,0.15397,11007.25773547,0
1505669134,21663188,0.15396,1337.07634000,0
1505669134,21663186,0.15391,2957.92280000,0
1505669134,21663184,0.15392,3044.32381704,0
1505668950,21662913,0.15337,810.14238700,0
1505668950,21662912,0.15337,498.75000000,0
1505668946,21662903,0.15337,498.75000000,0
1505668945,21662901,0.15337,6252.14589900,0
1505668914,21662885,0.15313,117.52462608,1
1505668879,21662875,0.15350,61.78860000,0
1505668846,21662829,0.15337,1165.60226011,0
1505668841,21662823,0.15337,1660.59706500,0
1505668838,21662822,0.15337,15364.16669000,1
1505668802,21662809,0.15363,849.34600000,0
1505668739,21662784,0.15400,323.86564935,0
1505668558,21662666,0.15399,600.56500000,0
1505668550,21662662,0.15399,600.48800000,0
1505668504,21662640,0.15391,342.70749528,0
1505668502,21662639,0.15390,2897.94600000,0
1505668453,21662619,0.15383,1347.28000000,0
1505668430,21662610,0.15383,1855.69884000,1
1505668428,21662604,0.15383,1778.78833921,0
1505668352,21662573,0.15383,1513.61089300,0
1505668306,21662562,0.15383,2172.84920700,0
1505668303,21662556,0.15386,5830.87660300,0
1505668295,21662547,0.15391,436.45975100,0
1505668294,21662546,0.15391,548.81480100,0
1505668069,21662446,0.15418,500.00000000,1
1505668039,21662429,0.15418,3000.00000000,1
1505667878,21662332,0.15418,194.08391000,0
1505667851,21662320,0.15421,2644.96653913,0
1505667782,21662277,0.15444,1162.59466459,0
1505667738,21662247,0.15387,6947.14355934,1
1505667720,21662237,0.15385,1000.00000000,1
1505667607,21662187,0.15409,918.00000000,0
1505667090,21661837,0.15381,500.00000000,0
1505667075,21661829,0.15381,1654.26000000,0
1505667071,21661824,0.15381,2128.92638000,0
1505667023,21661815,0.15378,1234.42000000,0
1505667008,21661808,0.15381,0.83500000,1
1505666971,21661769,0.15366,1194.02500000,0
1505666910,21661709,0.15414,1132.90971473,1
1505666905,21661706,0.15419,0.00000089,1
1505666875,21661666,0.15421,4952.10657900,1
1505666861,21661651,0.15426,3914.59490000,0
1505666860,21661650,0.15425,835.22000000,1
1505666546,21661441,0.15493,1025.17951500,0
1505666517,21661408,0.15499,1606.74169900,0
1505666508,21661395,0.15500,264.76670800,0
1505666508,21661394,0.15498,2150.96050000,0
1505666507,21661392,0.15498,1927.40370000,0
1505666506,21661390,0.15500,2212.78659400,0
1505666506,21661388,0.15499,786.20801000,0
1505666454,21661357,0.15499,2159.28033200,0
1505666415,21661276,0.15450,2875.52617800,0
1505666415,21661275,0.15444,136.00000000,0
1505666300,21661162,0.15421,226.94887000,1
1505665917,21660908,0.15500,612.46900000,0
1505665908,21660873,0.15450,1317.96612000,1
1505665866,21660766,0.15434,1317.96612000,1
1505665852,21660748,0.15499,1144.76000000,0
1505665847,21660743,0.15436,1363.07715000,1
1505665836,21660721,0.15439,1136.27638000,0
1505665807,21660691,0.15439,1136.27638000,1
1505665782,21660671,0.15437,1136.27638000,0
1505665764,21660651,0.15437,1136.27638000,1
1505665714,21660566,0.15441,3.33339549,0
1505665713,21660565,0.15436,138.05057000,0
1505665679,21660509,0.15436,539.16788000,1
1505665669,21660475,0.15441,912.66288500,0
1505665669,21660474,0.15441,2723.95149900,0
1505665669,21660473,0.15441,1511.55161600,0
1505665402,21660271,0.15441,226.45087000,1
1505665390,21660262,0.15436,279.56897000,1
1505665388,21660259,0.15434,279.56897000,1
1505665351,21660224,0.15500,200.00442900,0
1505665350,21660223,0.15461,136.00000000,0
1505665318,21660214,0.15465,2838.29519953,1
1505665270,21660189,0.15449,332.16115000,1
1505665240,21660132,0.15446,511.14292000,1
1505665213,21660091,0.15457,576.47280000,1
1505665200,21660056,0.15453,453.99959000,1
1505665190,21660044,0.15449,796.35016000,1
1505665165,21659980,0.15446,500.00000000,1
1505665152,21659957,0.15419,269.94433000,1
1505665141,21659925,0.15439,943.38076000,1
1505665129,21659871,0.15500,4287.02875900,0
1505665121,21659831,0.15499,1821.84917200,0
1505665120,21659830,0.15499,1370.43499000,0
1505665095,21659780,0.15493,284.83293000,0
1505665095,21659779,0.15492,883.05407000,0
1505665094,21659777,0.15493,2930.90080000,0
1505665086,21659759,0.15429,882.96582000,1
1505665079,21659729,0.15428,1284.63000000,1
1505665073,21659712,0.15497,244.83370000,0
1505665073,21659710,0.15497,708.73146000,0
1505665073,21659709,0.15488,459.15554000,0
1505665068,21659685,0.15424,383.61363000,1
1505665045,21659606,0.15500,6099.58587096,0
1505665044,21659605,0.15500,1112.07000000,0
1505665044,21659603,0.15499,454.12779000,0
1505665044,21659602,0.15489,1997.53854573,0
1505665042,21659594,0.15488,3341.76730000,0
1505665042,21659593,0.15420,559.43233000,1
1505665030,21659570,0.15419,48.26091000,0
1505665030,21659569,0.15419,74.31189348,0
1505665029,21659566,0.15419,427.22664466,0
1505665029,21659564,0.15414,436.13015000,1
1505665005,21659519,0.15419,48.26091186,1
1505664997,21659501,0.15488,2055.36000000,0
1505664981,21659472,0.15419,1549.20750279,0
1505664980,21659467,0.15419,6364.45523600,0
1505664979,21659465,0.15419,5486.85892700,0
1505664979,21659464,0.15419,1763.42364700,0
1505664979,21659463,0.15419,5437.82994300,0
1505664978,21659458,0.15419,1157.66329700,0
1505664978,21659456,0.15419,1739.82203800,0
1505664978,21659455,0.15419,2104.98474600,0
1505664969,21659414,0.15419,1709.46632798,0
1505664966,21659400,0.15414,543.40153000,1
1505664962,21659384,0.15419,1573.27322829,0
1505664960,21659371,0.15419,526.24849543,0
1505664959,21659368,0.15418,383.31450457,0
1505664956,21659356,0.15418,128.83002543,0
1505664953,21659347,0.15414,645.62558000,1
1505664951,21659338,0.15419,1444.62000000,0
1505664950,21659333,0.15419,9934.61988900,0
1505664950,21659332,0.15419,52433.14666200,0
1505664950,21659331,0.15419,6002.97112500,0
1505664949,21659323,0.15419,4500.00000000,0
1505664948,21659311,0.15419,163.00000000,0
1505664947,21659299,0.15419,30134.40058900,0
1505664947,21659294,0.15419,1855.22489280,0
1505664945,21659286,0.15419,3539.50000000,0
1505664928,21659218,0.15419,3316.83608000,0
1505664928,21659217,0.15418,560.66392000,0
1505664922,21659163,0.15418,601.01546765,0
1505664915,21659121,0.15418,330.92747594,0
1505664913,21659113,0.15419,480.07627014,0
1505664913,21659110,0.15419,1452.94256600,0
1505664904,21659065,0.15419,3724.76951900,0
1505664904,21659064,0.15418,1498.68328000,0
1505664896,21659022,0.15418,1012.30000000,0
1505664872,21658913,0.15419,3581.06000000,0
1505664869,21658898,0.15419,1015.75983514,0
1505664869,21658892,0.15419,3429.31597400,0
1505664868,21658890,0.15419,2740.93484900,0
1505664868,21658887,0.15419,4889.18316600,0
1505664863,21658868,0.15419,5228.84000000,0
1505664861,21658856,0.15419,3427.15000000,0
1505664856,21658821,0.15419,1688.90890994,0
1505664854,21658805,0.15419,1756.64830826,0
1505664852,21658793,0.15419,4104.22984629,0
1505664849,21658784,0.15418,455.43655000,0
1505664844,21658750,0.15419,1265.39178045,0
1505664843,21658736,0.15419,1769.34509093,0
1505664842,21658733,0.15419,54427.22146900,0
1505664841,21658715,0.15419,4500.00000000,0
1505664840,21658711,0.15419,77224.82731300,0
1505664838,21658684,0.15419,540.59809323,0
1505664838,21658676,0.15419,9988.77382000,0
1505664838,21658672,0.15419,526.00000000,0
1505664836,21658652,0.15419,1755.11461846,0
1505664835,21658648,0.15419,2098.49397828,0
1505664835,21658646,0.15418,54.30602172,0
1505664834,21658638,0.15418,513.09246828,1
1505664834,21658633,0.15419,4500.00000000,0
1505664833,21658628,0.15419,3343.35000000,0
1505664832,21658616,0.15419,648.79522585,0
1505664831,21658609,0.15419,1202.55253953,0
1505664830,21658600,0.15419,1860.95693100,0
1505664830,21658595,0.15419,889.14300000,0
1505664829,21658593,0.15419,23731.28425000,0
1505664829,21658590,0.15419,3309.25086400,0
1505664828,21658580,0.15419,16833.47654200,0
1505664828,21658578,0.15419,35175.17473700,0
1505664827,21658565,0.15418,26.12535768,0
1505664824,21658543,0.15418,648.01146232,0
1505664790,21658488,0.15419,463.32023466,0
1505664790,21658487,0.15418,75.01663204,0
1505664789,21658483,0.15418,187.11525200,0
1505664785,21658459,0.15418,538.82275596,0
1505664749,21658241,0.15418,538.60031406,0
1505664690,21658031,0.15419,4162.45973100,0
1505664690,21658030,0.15418,1052.95012000,0
1505664690,21658029,0.15418,1350.85830000,0
1505664623,21657935,0.15414,938.78049527,1
1505664623,21657934,0.15415,695.35950473,1
1505664620,21657923,0.15415,7366.86723527,0
1505664611,21657914,0.15415,2.87170000,0
1505664611,21657912,0.15414,4107.60830000,0
1505664399,21657758,0.15380,2900.71149005,0
1505664399,21657757,0.15365,136.00000000,0
1505663527,21657042,0.15300,255.00000000,1
1505663447,21657012,0.15419,12479.64831800,0
1505663447,21657010,0.15419,4215.24569049,0
1505663447,21657009,0.15412,2275.52837000,0
1505663446,21657008,0.15411,3674.13469551,0
1505663444,21657007,0.15411,421.26580449,0
1505663320,21656926,0.15409,64.80000000,1
1505662845,21656529,0.15440,1136.74441450,1
1505662845,21656526,0.15440,2093.50171000,0
1505662844,21656522,0.15410,72.00000000,0
1505662748,21656349,0.15440,3334.79145077,0
1505662746,21656343,0.15399,1587.36066433,0
1505662683,21656302,0.15399,2764.87000000,0
1505662584,21656233,0.15399,647.76933567,0
1505662524,21656191,0.15391,6.55416000,0
1505662524,21656190,0.15389,9358.40584000,0
1505662508,21656136,0.15378,1346.78932907,0
1505662408,21655973,0.15364,198.59791396,0
1505662408,21655971,0.15364,1161.96119433,0
1505662407,21655964,0.15364,4758.10634900,0
1505662273,21655806,0.15364,2671.06083600,0
1505662130,21655758,0.15363,541.19265131,1
1505662103,21655751,0.15364,541.12233067,0
1505662095,21655739,0.15363,2278.96256400,0
1505662004,21655715,0.15363,775.00000000,0
1505661942,21655698,0.15363,1000.00000000,0
1505661608,21655430,0.15342,1132.33540500,0
1505661608,21655429,0.15333,72.00000000,0
1505661543,21655304,0.15364,5336.29910000,0
1505661543,21655303,0.15363,1368.47690000,0
1505661487,21655279,0.15361,878.29934000,0
1505661486,21655277,0.15361,493.36236000,0
1505661486,21655275,0.15348,878.29934000,0
1505661447,21655262,0.15348,1121.70066000,0
1505661447,21655261,0.15347,1365.62810000,0
1505661402,21655235,0.15347,1329.08000000,0
1505661274,21655201,0.15345,32.50263930,0
1505661179,21655142,0.15289,90.90049975,0
1505661176,21655140,0.15288,1372.58100000,0
1505661116,21655109,0.15287,800.00000000,1
1505661014,21655017,0.15288,3000.00000000,0
1505660819,21654850,0.15288,611.79753738,0
1505660676,21654772,0.15288,488.70493197,0
1505660663,21654760,0.15287,140.10278191,1
1505660660,21654757,0.15287,140.09496367,1
1505660496,21654639,0.15288,1281.34915970,0
1505660496,21654638,0.15288,72.00000000,0
1505660375,21654575,0.15288,336.21144000,0
1505660370,21654569,0.15288,309.96942773,0
1505660357,21654557,0.15288,561.90934065,0
1505659941,21654344,0.15288,3999.28740000,0
1505659559,21654128,0.15287,2775.20382900,0
1505659558,21654127,0.15287,812.59617100,0
1505659555,21654123,0.15280,2072.68248300,0
1505659555,21654122,0.15280,1791.50871700,0
1505659555,21654121,0.15281,4021.53330000,0
1505659548,21654120,0.15216,1916.00000000,1
1505659520,21654099,0.15262,196.00000000,0
1505659415,21654051,0.15243,5000.00000000,1
1505659357,21653970,0.15272,4138.96130000,0
1505659200,21653845,0.15220,196.00000000,1
1505658675,21653436,0.15211,200.00000000,1
1505658472,21653360,0.15288,1517.77373600,1
1505658449,21653343,0.15288,2457.45357300,1
1505658420,21653322,0.15288,1837.01276100,1
1505658337,21653257,0.15289,250.00000000,0
1505658329,21653250,0.15289,1658.10000000,0
1505658326,21653241,0.15288,615.00000000,1
1505658313,21653228,0.15289,553.04446542,1
1505657904,21652422,0.15303,344.11861000,1
1505657892,21652415,0.15300,330.00000000,1
1505657886,21652407,0.15293,1145.04700000,1
1505657872,21652388,0.15356,1370.84000000,0
1505657833,21652334,0.15361,803.81700000,0
1505657760,21652227,0.15363,614.73600000,0
1505657745,21652219,0.15363,522.77005100,0
1505656896,21651285,0.15362,1370.44980000,0
1505656848,21651166,0.15289,868.73330400,1
1505656460,21650766,0.15352,617.26869463,0
1505656331,21650659,0.15288,472.75993000,1
1505656329,21650658,0.15305,9894.24007000,1
1505656267,21650611,0.15290,3106.69824100,1
1505656123,21650524,0.15352,1299.51302762,0
1505656018,21650445,0.15287,1350.72560000,0
1505656018,21650444,0.15287,162.58568080,0
1505655956,21650398,0.15286,1376.64150000,0
1505655891,21650362,0.15287,2732.89441200,0
1505655890,21650361,0.15287,4112.46326500,0
1505655889,21650360,0.15286,1352.76990000,0
1505655849,21650325,0.15287,69.58588900,0
1505655849,21650324,0.15286,1348.94560000,0
1505655846,21650321,0.15287,580.19500000,0
1505655805,21650282,0.15287,6395.64508500,0
1505655785,21650274,0.15287,0.96450000,0
1505655785,21650273,0.15286,1381.13550000,0
1505655630,21650090,0.15286,482.02485200,0
1505655612,21650069,0.15286,685.19004318,0
1505655577,21650007,0.15287,487.51350820,0
1505655576,21649997,0.15286,1385.30740000,0
1505655493,21649813,0.15218,6.90000000,0
1505655480,21649802,0.15218,62.10000000,0
1505655475,21649799,0.15210,0.00000468,0
1505655463,21649778,0.15210,184.20700532,1
1505655450,21649724,0.15209,217.08100000,1
1505655446,21649710,0.15217,17.15928468,0
1505655442,21649694,0.15217,184.20700532,0
1505655441,21649681,0.15209,11737.06333935,0
1505655440,21649675,0.15209,2703.50123366,0
1505655437,21649656,0.15208,40.00000000,1
1505655432,21649632,0.15209,175.32674699,0
1505655423,21649599,0.15208,40.00000000,1
1505655410,21649568,0.15208,287.46250000,1
1505655398,21649513,0.15208,59.62481000,1
1505655397,21649512,0.15208,436.91996110,1
1505655397,21649511,0.15208,156.65503890,1
1505655388,21649473,0.15208,3614.10000000,0
1505655387,21649469,0.15206,0.74000000,0
1505655385,21649464,0.15206,147.26000000,0
1505655371,21649431,0.15148,548.94280000,1
1505655351,21649359,0.15197,1174.98995000,0
1505655344,21649342,0.15142,59.62481000,1
1505655337,21649331,0.15198,318.43365112,0
1505655334,21649326,0.15198,318.41270154,0
1505655331,21649313,0.15134,596.00178000,1
1505655318,21649294,0.15125,632.62363000,1
1505655304,21649273,0.15126,378.24296000,1
1505655293,21649249,0.15133,1004.45639638,0
1505655292,21649246,0.15133,1015.02897505,0
1505655291,21649241,0.15120,217.99153000,1
1505655278,21649204,0.15120,241.96629000,1
1505655274,21649178,0.15133,12670.21863857,0
1505655274,21649176,0.15120,2019.48537143,0
1505655271,21649162,0.15120,692.24844194,0
1505655270,21649158,0.15120,1292.23533209,0
1505655268,21649142,0.15120,1527.54656400,0
1505655265,21649126,0.15120,548.97962021,0
1505655265,21649121,0.15106,107.43398000,1
1505655256,21649052,0.15106,170.08944216,0
1505655255,21649047,0.15106,799.87464500,0
1505655250,21649021,0.15106,530.03591284,0
1505655248,21649005,0.15045,296.89890000,1
1505655226,21648942,0.15031,564.49929000,1
1505655225,21648935,0.15105,1257.29230914,0
1505655225,21648934,0.15105,112.35636386,0
1505655225,21648933,0.15067,137.55177000,0
1505655178,21648836,0.15105,1387.64363614,0
1505655178,21648834,0.15104,1500.00000000,0
1505655178,21648833,0.15103,1500.00000000,0
1505655176,21648828,0.15102,1500.00000000,0
1505655133,21648732,0.15044,137.55177000,1
1505655119,21648656,0.15101,434.63755956,1
1505655035,21648499,0.15101,457.85336000,1
1505654974,21648401,0.15101,1500.00000000,0
1505654943,21648363,0.15100,10960.18108611,0
1505654943,21648362,0.15100,2622.11181699,0
1505654751,21648197,0.15031,84.43726000,1
1505654708,21648186,0.15030,4.55028550,0
1505654698,21648176,0.15030,905.50681450,0
1505653285,21647302,0.15100,426.05602649,0
1505653285,21647301,0.15097,821.80998000,1
1505653285,21647300,0.15097,1399.64290000,0
1505653284,21647297,0.15095,4026.32718000,0
1505653209,21647267,0.15008,863.62090000,1
1505653050,21647117,0.15098,1356.22000000,0
1505653029,21647089,0.15003,813.94456000,1
1505652817,21646932,0.15098,1377.62137000,0
1505652815,21646929,0.15098,5353.00007963,0
1505652255,21646727,0.15002,421.55602000,1
1505651250,21646325,0.15019,340.00000000,1
1505650880,21646090,0.15095,826.52263100,0
1505650880,21646088,0.15090,700.00000000,0
1505650687,21646017,0.15002,7797.04162747,1
1505650593,21645976,0.15000,1000.00000000,0
1505650577,21645969,0.15000,698.73275293,0
1505650577,21645967,0.15000,2977.74684707,0
1505650576,21645966,0.14999,1378.14800000,0
1505650569,21645954,0.15000,1833.31757456,0
1505650485,21645900,0.15000,292.98032600,0
1505650485,21645899,0.14999,1385.85060000,0
1505650469,21645897,0.15000,1826.10000000,0
1505650431,21645882,0.14998,1908.78010401,0
1505650431,21645881,0.14997,1678.83092600,1
1505650429,21645880,0.14997,1400.79050000,0
1505649155,21645336,0.14896,1405.24070000,0
1505649155,21645335,0.14886,335.00000000,0
1505649115,21645304,0.14898,1171.08000000,1
1505648922,21645165,0.14893,1742.25000000,1
1505648859,21645119,0.14992,6933.60982606,0
1505648829,21645058,0.14999,1392.93080000,0
1505648794,21644993,0.15000,612.55382100,1
1505648782,21644990,0.15000,556.67993334,1
1505648782,21644989,0.15000,50.00000000,1
1505648548,21644873,0.15002,1805.50533500,1
1505648538,21644858,0.15002,2082.42613400,1
1505648535,21644855,0.15002,1125.55542800,1
1505648535,21644854,0.15002,2271.30800000,1
1505648534,21644853,0.15003,2917.68854900,1
1505648032,21644486,0.15002,5064.39442440,1
1505647993,21644447,0.15040,692.00000000,0
1505647895,21644366,0.15000,800.93128100,0
1505647889,21644363,0.15000,3630.44867500,0
1505647889,21644362,0.14999,1382.65320000,0
1505647524,21644208,0.14940,1000.00000000,0
1505647524,21644205,0.14939,389.19730000,0
1505647524,21644198,0.14939,1000.00000000,0
1505647450,21644146,0.14939,837.26396041,0
1505647445,21644115,0.14939,837.26396041,0
1505647152,21643877,0.14940,2644.71963956,0
1505647152,21643876,0.14931,381.17270100,0
1505647152,21643874,0.14930,1384.50440000,0
1505647050,21643847,0.14931,2554.12096900,0
1505647049,21643843,0.14931,2062.65000000,0
1505647046,21643841,0.14931,2.05633000,0
1505647046,21643840,0.14930,2930.95367000,0
1505647040,21643828,0.14929,2639.67857100,0
1505647039,21643826,0.14929,12.77385000,0
1505647039,21643825,0.14928,16874.05765000,0
1505647038,21643824,0.14928,1396.16850000,0
1505646693,21643637,0.14853,1788.00000000,1
1505646458,21643457,0.14900,6554.99363402,1
1505646451,21643439,0.14900,3089.71627432,1
1505646394,21643348,0.14900,3651.54362416,1
1505646311,21643297,0.14908,148.00000000,1
1505646303,21643292,0.14940,4565.86373607,1
1505646302,21643287,0.14940,2648.29599816,1
1505645800,21643063,0.14940,6058.52208800,1
1505645799,21643061,0.14940,3247.02660300,1
1505645795,21643059,0.14940,1528.73653650,1
1505645795,21643058,0.14959,4618.14149550,1
1505645784,21643051,0.14959,4333.51604500,1
1505645782,21643048,0.14959,4062.49456400,1
1505645744,21643012,0.14995,332.61293765,0
1505645620,21642921,0.14965,4696.18317000,1
1505645619,21642898,0.15000,9495.77438040,1
1505645618,21642896,0.15000,4342.80105907,1
1505645618,21642894,0.15000,956.12898000,1
1505645618,21642887,0.15000,1351.00346093,1
1505645617,21642885,0.15000,420.54938664,1
1505645381,21642647,0.15066,251.59451746,0
1505645254,21642594,0.15000,2379.45061336,1
1505645164,21642551,0.15000,1378.72240000,1
1505645011,21642488,0.14995,318.00000000,0
1505644955,21642424,0.15064,6645.50390073,1
1505644952,21642391,0.15086,3258.65074157,1
1505644952,21642388,0.15100,3386.85315943,1
1505644949,21642368,0.15100,1926.26787964,1
1505644842,21642345,0.15104,1369.82510000,0
1505644410,21642195,0.15061,3591.10000000,0
1505644410,21642194,0.15061,1386.80810000,0
1505644200,21642017,0.15074,661.73543850,0
1505643677,21641636,0.15000,797.38717400,0
1505643669,21641631,0.15001,419.79185600,0
1505643658,21641605,0.15001,797.38717400,0
1505643658,21641604,0.15000,318.00000000,1
1505643610,21641514,0.15000,864.70623000,0
1505643600,21641468,0.15001,912.27115737,1
1505643311,21641180,0.15064,561.37000000,0
1505643298,21641158,0.15002,912.27116000,1
1505643269,21641132,0.15003,64.19574100,0
1505643269,21641129,0.15002,426.68088915,0
1505643268,21641125,0.15002,855.82764085,0
1505643267,21641123,0.15002,100.30137000,0
1505643258,21641110,0.15002,986.96134000,0
1505643253,21641107,0.15002,987.04406668,0
1505643253,21641104,0.15003,922.69981900,0
1505643018,21640973,0.15091,182.22569743,0
1505643015,21640967,0.15003,182.06868000,1
1505642978,21640924,0.15099,5.12881016,0
1505642978,21640923,0.15098,1398.45880000,0
1505642976,21640916,0.14977,0.00000168,0
1505642976,21640915,0.14977,230.00000000,1
1505642976,21640914,0.14977,51.53926832,1
1505642884,21640843,0.15099,0.00000032,1
1505642830,21640814,0.15099,6231.00000000,1
1505642805,21640796,0.15099,13188.47301900,1
1505642793,21640755,0.15099,201.00000000,1
1505642791,21640754,0.15099,3015.00000000,1
1505642787,21640751,0.15099,201.00000000,1
1505642786,21640750,0.15099,3015.00000000,1
1505642785,21640749,0.15099,3484.10345000,1
1505642785,21640748,0.15100,1515.89655000,1
1505642783,21640746,0.15100,201.00000000,1
1505642781,21640744,0.15100,3015.00000000,1
1505642779,21640743,0.15100,201.00000000,1
1505642774,21640741,0.15099,201.00000000,1
1505642772,21640738,0.15099,331.15930700,1
1505642754,21640733,0.15099,3286.75522000,1
1505642743,21640726,0.15099,1502.79103000,1
1505642728,21640691,0.15099,1687.41385000,1
1505642660,21640639,0.15099,134.70498000,1
1505642651,21640619,0.15099,2747.24338000,1
1505642648,21640616,0.15099,470.08748924,1
1505642623,21640578,0.15099,3761.66195680,1
1505642620,21640573,0.15099,51824.94270200,1
1505642619,21640564,0.15099,1803.04812401,1
1505642617,21640551,0.15100,1430.02081211,1
1505642614,21640540,0.15100,1854.26071654,1
1505642580,21640467,0.15099,672.44955000,1
1505642579,21640460,0.15099,1379.07994163,1
1505642569,21640421,0.15099,794.70600000,1
1505642568,21640419,0.15099,67.38000000,1
1505642565,21640409,0.15004,69.99999853,1
1505642565,21640408,0.15034,0.00000147,1
1505642528,21640362,0.15034,192.63055000,1
1505642515,21640341,0.15034,385.29286000,1
1505642502,21640330,0.15034,407.17267000,1
1505642487,21640298,0.15000,3280.87567000,0
1505642486,21640297,0.15111,1045.05049301,0
1505642484,21640296,0.15099,916.81867264,0
1505642475,21640290,0.14977,221.75539000,1
1505642461,21640272,0.14977,44.77419000,1
1505642449,21640244,0.15000,1702.17111926,0
1505642448,21640237,0.15000,856.35845800,0
1505642447,21640232,0.15000,0.42900666,1
1505642434,21640204,0.15000,151.78026000,1
1505642433,21640193,0.15000,1292.07428000,0
1505642427,21640182,0.15000,1257.23406667,0
1505642427,21640181,0.14977,318.00000000,0
1505642422,21640166,0.14982,1289.29385000,1
1505642408,21640143,0.14982,117.81123000,1
1505642275,21640046,0.14983,809.79200000,0
1505642270,21640038,0.15000,8166.68000000,1
1505642255,21640026,0.14983,412.04051627,0
1505642254,21640025,0.14983,6710.94041373,1
1505642254,21640024,0.14984,2271.52907000,1
1505642245,21640018,0.14982,1406.87060000,0
1505642241,21640012,0.14983,1385.42001774,0
1505642237,21639998,0.15000,107.83124000,0
1505642223,21639958,0.14959,168.74631000,1
1505642212,21639921,0.14959,1190.64549000,1
1505642212,21639916,0.14959,1007.78740107,1
1505642212,21639914,0.14962,1054.50030000,1
1505642212,21639909,0.15000,3132.06999293,1
1505642212,21639906,0.15004,6465.15213000,1
1505642211,21639903,0.15005,3721.82148100,1
1505642211,21639901,0.15005,1546.54395900,1
1505642210,21639890,0.15005,1489.89796033,1
1505642210,21639888,0.15083,0.00000004,1
1505642137,21639702,0.15083,1323.78566600,1
1505642137,21639700,0.15083,52.22945031,1
1505642137,21639698,0.15083,812.94654969,1
1505642136,21639694,0.15083,469.68917900,1
1505642133,21639675,0.15117,1096.84344000,0
1505642133,21639671,0.15116,2640.39382112,0
1505642118,21639608,0.15084,1180.98713869,1
1505642116,21639599,0.15119,1094.71965518,0
1505642110,21639575,0.15083,1094.22833000,1
1505642092,21639544,0.15083,279.79571000,1
1505642080,21639528,0.15119,1257.39509880,0
1505642080,21639527,0.15119,1382.47480000,0
1505642079,21639526,0.15100,277.24817572,1
1505642079,21639525,0.15100,710.36216428,1
1505642052,21639449,0.15117,82.81749596,1
1505642048,21639441,0.15118,149.43759508,0
1505642038,21639420,0.15117,1315.45267503,1
1505642038,21639419,0.15119,193.79588597,1
1505642027,21639381,0.15100,689.48221816,1
1505642027,21639380,0.15119,971.12998184,1
1505642027,21639378,0.15119,40.00000000,1
1505642026,21639376,0.15117,42.94403099,0
1505642025,21639373,0.15117,1651.73542901,0
1505642025,21639371,0.15118,276.39733000,1
1505642024,21639368,0.15118,1402.16790000,1
1505642023,21639362,0.15119,1857.94972708,0
1505642022,21639361,0.15118,1678.56523000,0
1505642022,21639360,0.15100,1462.24183820,0
1505642022,21639358,0.15084,0.00000080,0
1505642021,21639354,0.15083,3.61634235,0
1505642020,21639347,0.15083,719.65212765,0
1505642018,21639342,0.15083,661.67473000,0
1505641999,21639274,0.15022,819.00268736,1
1505641986,21639223,0.15021,1483.04533993,1
1505641986,21639221,0.15083,560.84711264,1
1505641986,21639219,0.15083,1.21455743,1
1505641984,21639205,0.15083,1379.84980000,0
1505641972,21639191,0.15084,907.13172920,1
1505641960,21639169,0.15005,559.36378000,1
1505641956,21639146,0.15005,2047.28772000,0
1505641939,21639122,0.15096,1184.42000000,0
1505641937,21639119,0.15085,559.96014217,0
1505641935,21639105,0.15086,2038.75875000,0
1505641925,21639058,0.15002,1531.94482000,1
1505641920,21639047,0.15002,6311.51884133,1
1505641913,21639007,0.15092,3613.67294000,1
1505641909,21638991,0.15002,40.00000000,1
1505641906,21638982,0.14999,1392.04460000,0
1505641887,21638888,0.15014,903.53100000,1
1505641880,21638868,0.14985,2112.99948000,1
1505641877,21638832,0.15100,2018.43480000,1
1505641875,21638804,0.14999,1381.56520000,0
1505641854,21638716,0.14973,1761.42003000,1
1505641841,21638670,0.14967,1660.10138000,1
1505641804,21638584,0.15000,1418.55562600,0
1505641803,21638579,0.14962,1000.00000000,1
1505641802,21638577,0.15000,134.20848600,0
1505641802,21638576,0.14999,1418.65020000,0
1505641762,21638480,0.15000,212.80126667,0
1505641660,21638432,0.14999,765.24724000,0
1505641231,21638067,0.14959,333.41339662,0
1505641213,21638050,0.14861,503.41807415,0
1505641212,21638049,0.14867,815.29450528,1
1505641212,21638045,0.14862,604.00000000,0
1505641171,21637984,0.14962,536.67446000,0
1505641142,21637944,0.14859,343.86845638,0
1505641140,21637943,0.14900,334.73154362,1
1505640815,21637752,0.14968,1228.74447600,1
1505640814,21637749,0.14969,1071.71384000,1
1505640800,21637713,0.14974,2540.72522000,0
1505640788,21637661,0.14980,1039.26486148,1
1505640788,21637660,0.14980,3622.39977000,1
1505640787,21637659,0.14981,1219.85152400,1
1505640787,21637657,0.14981,1042.50400000,1
1505640787,21637655,0.14981,1228.74447600,1
1505640754,21637617,0.15000,5766.41000000,1
1505640682,21637550,0.15000,673.48000000,1
1505640657,21637536,0.15001,578.40167500,1
1505640642,21637510,0.15001,1345.95713310,1
1505640612,21637490,0.15001,55.09630000,0
1505640608,21637488,0.15000,1345.95713310,1
1505640608,21637487,0.15001,381.56960690,1
1505640600,21637476,0.15001,4809.93339310,1
1505640599,21637473,0.15000,925.42078210,1
1505640582,21637446,0.14983,203.00346000,1
1505640579,21637438,0.14983,182.88599999,1
1505640576,21637431,0.14983,5902.42429100,1
1505640576,21637427,0.14983,189.17415035,1
1505640568,21637408,0.15000,3884.51261100,0
1505640528,21637377,0.15045,1000.00000000,1
1505640494,21637318,0.15116,3013.01193467,0
1505640475,21637269,0.15125,2779.43160330,0
1505640475,21637268,0.15085,1635.55253660,0
1505640473,21637266,0.15065,604.00000000,0
1505640396,21637161,0.15043,5810.19767226,1
1505640392,21637142,0.15043,819.81906269,1
1505640386,21637130,0.15041,1291.51318077,1
1505640379,21637120,0.15041,1012.00367410,1
1505640322,21637047,0.15035,1400.63620000,0
1505639973,21636918,0.15014,500.00000000,1
1505639911,21636860,0.15123,3261.05931362,1
1505639768,21636772,0.15123,852.00000000,1
1505639765,21636769,0.15123,148.00000000,0
1505639683,21636708,0.15002,4707.48281932,1
1505639639,21636673,0.15056,3696.96631592,0
1505639639,21636671,0.15055,1391.08940000,0
1505639541,21636584,0.15000,1403.53906059,0
1505639484,21636506,0.15000,1397.32024049,1
1505639242,21636264,0.14999,200.00000000,0
1505639177,21636170,0.15000,650.00000000,1
1505639133,21636133,0.15000,160.93100000,0
1505639095,21636098,0.14979,77.61196000,1
1505639082,21636063,0.14979,40.00000000,1
1505639069,21636026,0.14979,577.69343000,1
1505639065,21636020,0.15000,1376.50126000,0
1505639055,21636005,0.14979,37.72835869,1
1505639046,21635993,0.14968,1365.27164000,0
1505639029,21635966,0.14979,998.76703131,0
1505638929,21635821,0.14974,100.00000000,1
1505638891,21635781,0.15056,2167.48195500,0
1505638890,21635780,0.15055,1284.67264000,0
1505638889,21635778,0.14967,100.00000000,1
1505638849,21635753,0.14949,100.00000000,1
1505638842,21635749,0.15000,400.68416909,0
1505638841,21635748,0.15000,203.31583091,1
1505638788,21635654,0.14945,100.00000000,1
1505638770,21635644,0.15056,8899.81770908,0
1505638770,21635643,0.15053,317.20312000,0
1505638769,21635642,0.15050,1586.01560000,0
1505638769,21635641,0.15006,573.59848000,0
1505638769,21635637,0.15005,112.00000000,0
1505638767,21635634,0.15004,1422.76210000,0
1505638764,21635627,0.14999,898.20631400,0
1505638759,21635623,0.15000,1399.45120000,1
1505638747,21635618,0.14940,100.00000000,1
1505638716,21635557,0.15000,5466.19354042,0
1505638714,21635550,0.15000,15.70490000,0
1505638714,21635548,0.14999,1406.31640000,0
1505638706,21635543,0.14917,100.00000000,1
1505638665,21635505,0.14908,100.00000000,1
1505638664,21635503,0.15000,4009.13040000,0
1505638663,21635502,0.14997,4500.00000000,0
1505638663,21635501,0.14996,774.30426000,0
1505638663,21635500,0.14981,1407.33190001,0
1505638661,21635498,0.14980,1418.29660000,0
1505638642,21635482,0.14981,5614.90254100,0
1505638641,21635480,0.14980,1407.33190000,0
1505638624,21635469,0.14902,100.00000000,1
1505638620,21635466,0.14981,1134.84423000,0
1505638620,21635465,0.14980,1423.54980000,0
1505638602,21635447,0.14979,356.11034300,0
1505638597,21635437,0.14980,184.91815754,0
1505638586,21635392,0.14981,3482.83673699,0
1505638585,21635382,0.14981,1289.69586000,0
1505638584,21635370,0.14882,100.00000000,1
1505638582,21635361,0.14981,1908.96810200,0
1505638582,21635359,0.14980,954.75205000,0
1505638582,21635358,0.14979,1429.79560000,0
1505638539,21635310,0.14854,100.00000000,1
1505638486,21635280,0.14975,160.00000000,0
1505638420,21635183,0.14891,100.00000000,1
1505638400,21635161,0.14905,422.38809547,0
1505638393,21635119,0.14905,322.99172453,1
1505638381,21635090,0.14905,100.00000000,1
1505638334,21635047,0.14922,84.00000000,0
1505638334,21635046,0.14905,422.38811000,0
1505638215,21634968,0.14836,100.00000000,1
1505638210,21634915,0.14905,422.38811000,1
1505638171,21634866,0.14905,3047.67488000,0
1505638171,21634864,0.14905,3606.89497700,0
1505638151,21634839,0.14905,3060.76613900,0
1505638146,21634822,0.14905,119.51342000,0
1505638146,21634821,0.14904,1498.82168000,0
1505638146,21634820,0.14903,1442.66490000,0
1505638111,21634741,0.14905,4130.84936300,0
1505638111,21634740,0.14904,1780.77824000,0
1505638110,21634739,0.14899,270.00000000,0
1505638110,21634738,0.14897,1426.90070000,0
1505638110,21634737,0.14895,3044.73928000,0
1505638100,21634709,0.14895,4388.34815000,1
1505638095,21634685,0.14894,2115.77612000,0
1505638080,21634617,0.14840,1410.57180000,0
1505638079,21634616,0.14840,534.31702512,0
1505638067,21634597,0.14840,670.00000000,0
1505638061,21634587,0.14840,519.92000000,0
1505638052,21634579,0.14839,906.81890000,0
1505638044,21634556,0.14839,505.61000000,0
1505637948,21634404,0.14896,1407.76260000,0
1505637904,21634295,0.14792,2108.09010000,1
1505637823,21634174,0.14750,48.63337000,1
1505637822,21634169,0.14894,2008.58692000,1
1505637818,21634153,0.14893,473.86466000,0
1505637817,21634149,0.14761,1059.25580000,0
1505637806,21634113,0.14761,0.99100000,0
1505637806,21634112,0.14760,1415.85900000,0
1505637762,21633939,0.14760,1000.00000000,1
1505637755,21633933,0.14899,300.00000000,1
1505637738,21633887,0.14769,1958.06239000,1
1505637733,21633867,0.14767,2415.72510516,1
1505637731,21633863,0.14829,1882.47360834,1
1505637666,21633652,0.14830,904.99677355,0
1505637664,21633636,0.14830,2096.10969920,0
1505637658,21633593,0.14829,1421.14900000,0
1505637654,21633547,0.14791,1378.00000000,1
1505637612,21633355,0.14797,1413.77520000,0
1505637612,21633354,0.14791,245.00000000,0
1505637578,21633077,0.14905,947.94591100,0
1505637577,21633074,0.14904,1458.70089900,0
1505637576,21633063,0.14904,947.94591100,0
1505637570,21632998,0.14830,8231.00043789,0
1505637570,21632996,0.14830,6758.47283211,0
1505637570,21632994,0.14825,664.05237589,0
1505637569,21632992,0.14824,3092.05157000,0
1505637569,21632989,0.14823,1440.83800000,0
1505637569,21632987,0.14823,618.41031000,0
1505637562,21632923,0.14824,773.46338100,0
1505637562,21632922,0.14824,618.41031000,0
1505637544,21632757,0.14827,24.85227355,0
1505637544,21632754,0.14826,639.44644000,0
1505637542,21632742,0.14825,3633.90000000,0
1505637538,21632702,0.14824,1391.87369100,0
1505637530,21632616,0.14828,383.87637978,0
1505637529,21632615,0.14827,1039.38472022,0
1505637528,21632593,0.14827,3731.69830400,0
1505637519,21632492,0.14829,1384.32496500,0
1505637519,21632484,0.14829,4881.93005700,0
1505637519,21632481,0.14829,5625.92507800,0
1505637518,21632477,0.14829,818.04642000,0
1505637517,21632458,0.14829,1021.31561000,0
1505637516,21632456,0.14829,21967.43305527,0
1505637516,21632453,0.14711,199.71875100,0
1505637516,21632451,0.14700,947.93402873,0
1505637516,21632449,0.14700,1422.30590000,0
1505637515,21632443,0.14700,1037.09915000,0
1505637515,21632442,0.14700,1557.96739500,0
1505637515,21632438,0.14700,1439.61055000,0
1505637514,21632435,0.14700,1591.77002700,0
1505637514,21632432,0.14700,3254.42035000,0
1505637513,21632419,0.14700,804.44756000,0
1505637513,21632415,0.14700,5744.44503927,0
1505637512,21632411,0.14699,804.44756000,0
1505637512,21632408,0.14638,1839.06031973,0
1505637512,21632403,0.14638,1520.36805400,0
1505637512,21632398,0.14638,3186.07552700,0
1505637511,21632395,0.14637,4022.23781000,0
1505637510,21632380,0.14627,1424.68780000,0
1505637484,21632284,0.14627,886.55096739,0
1505637466,21632261,0.14630,35.00000000,0
1505637371,21632194,0.14650,1118.61000000,0
1505637294,21632095,0.14675,100.00000000,0
1505637273,21632077,0.14599,1116.12123313,0
1505637271,21632074,0.14581,1110.91444000,1
1505637269,21632071,0.14586,4486.47715000,0
1505637268,21632066,0.14579,185.92657599,0
1505637267,21632063,0.14579,6119.92860571,0
1505637266,21632062,0.14579,5084.88027975,0
1505637264,21632055,0.14584,4767.78367701,1
1505637264,21632053,0.14583,4356.53160000,0
1505637239,21632020,0.14586,734.96976760,0
1505637162,21631960,0.14549,902.35900000,0
1505637162,21631959,0.14521,11760.96827532,1
1505637162,21631958,0.14521,1633.73715660,0
1505637160,21631955,0.14550,48.84072408,1
1505637149,21631947,0.14550,301.15927592,1
1505637083,21631899,0.14554,823.84072487,1
1505637080,21631895,0.14554,5000.00000000,1
1505637052,21631871,0.14554,3000.00000000,1
1505636981,21631816,0.14554,3424.56131560,1
1505636938,21631791,0.14554,2741.07122953,1
1505636937,21631790,0.14560,500.00000000,1
1505636936,21631789,0.14560,6080.49532967,1
1505636834,21631731,0.14599,1624.98028824,1
1505636824,21631729,0.14599,4712.23396000,1
1505636822,21631722,0.14599,1270.00000000,1
1505636812,21631708,0.14599,1624.98028800,1
1505636776,21631657,0.14599,767.80546376,1
1505636776,21631654,0.14600,3424.65753424,1
1505636775,21631651,0.14600,3753.26452000,1
1505636757,21631603,0.14601,6258.13231300,0
1505636749,21631586,0.14601,70.20000000,0
1505636736,21631545,0.14628,987.42763467,1
1505636734,21631533,0.14628,2412.57236533,1
1505636734,21631532,0.14628,2858.13231250,1
1505636734,21631531,0.14648,987.42763517,1
1505636488,21631102,0.14628,9809.54108700,1
1505636487,21631100,0.14629,2298.92054000,1
1505636462,21631006,0.14697,330.53378240,0
1505636412,21630963,0.14634,2890.34048200,0
1505636412,21630962,0.14634,702.05600000,0
1505636412,21630961,0.14660,84.40400000,1
1505636411,21630959,0.14635,245.00000000,0
1505636214,21630718,0.14629,1536.57119400,1
1505636079,21630482,0.14678,679.58849979,0
1505635926,21630232,0.14628,315.42000000,1
1505635819,21630089,0.14628,1930.55129050,1
1505635817,21630085,0.14629,2192.30000000,1
1505635817,21630084,0.14629,84.00000000,1
1505635817,21630083,0.14629,170.00080000,1
1505635584,21629867,0.14689,1018.62570631,0
1505635523,21629832,0.14686,1631.94770000,0
1505635523,21629831,0.14685,1413.05230000,0
1505635492,21629805,0.14700,700.00000000,1
1505635483,21629800,0.14702,3118.11069320,1
1505635470,21629786,0.14702,4970.53383800,1
1505635417,21629654,0.14710,1433.11970000,0
1505635351,21629517,0.14705,292.90469261,0
1505635351,21629516,0.14703,1421.79190000,0
1505635351,21629515,0.14703,1533.30299939,0
1505635282,21629451,0.14708,1900.68738000,0
1505635278,21629443,0.14703,1355.87539563,0
1505635278,21629441,0.14703,1436.14000000,0
1505635277,21629439,0.14703,245.00000000,0
1505635274,21629435,0.14702,6749.93483880,1
1505635274,21629433,0.14703,1356.55336543,1
1505635272,21629421,0.14703,540.66163457,1
1505635264,21629397,0.14705,1877.89403500,0
1505635263,21629395,0.14705,203.00000000,0
1505635259,21629386,0.14705,411.75238597,0
1505635259,21629384,0.14703,562.15606703,0
1505635259,21629382,0.14703,1533.30310074,1
1505635257,21629375,0.14703,563.20383926,1
1505635244,21629344,0.14705,949.00719800,0
1505635228,21629298,0.14705,942.57765300,0
1505635221,21629290,0.14705,203.00000000,0
1505635220,21629288,0.14705,561.11724700,0
1505635161,21629134,0.14703,878.93608560,0
1505635160,21629132,0.14703,400.00000000,1
1505635015,21629003,0.14711,111.99999900,1
1505634956,21628910,0.14711,0.00000100,1
1505634956,21628909,0.14750,2.39303900,1
1505634956,21628908,0.14751,3084.99458000,1
1505634947,21628900,0.14750,78.10696100,1
1505634947,21628899,0.14750,3604.06014000,1
1505634944,21628893,0.14758,478.85500000,0
1505634943,21628892,0.14758,352.86200000,0
1505634942,21628891,0.14750,3650.93986000,1
1505634942,21628890,0.14755,1562.00000000,1
1505634942,21628889,0.14756,6682.69565000,1
1505634940,21628888,0.14758,515.16146000,1
1505634940,21628887,0.14758,2892.26586000,1
1505634712,21628629,0.14800,181.32047800,1
1505634696,21628622,0.14800,347.95608000,1
1505634692,21628617,0.14800,583.14210000,1
1505634692,21628616,0.14800,1677.49905800,1
1505634663,21628586,0.14800,1676.33406400,1
1505634661,21628584,0.14800,533.74822000,1
1505634661,21628583,0.14801,1500.00000000,1
1505634661,21628582,0.14802,1500.00000000,1
1505634637,21628537,0.14803,1500.00000000,1
1505634637,21628536,0.14804,1500.00000000,1
1505634637,21628535,0.14805,1500.00000000,1
1505634528,21628389,0.14806,1500.00000000,1
1505634528,21628387,0.14806,937.22008728,1
1505634336,21628297,0.14810,3.82963000,1
1505634336,21628296,0.14811,5466.32037000,1
1505634333,21628294,0.14810,2190.09690300,1
1505634323,21628283,0.14809,2400.89957400,1
1505634136,21628200,0.14881,590.61748532,1
1505634136,21628199,0.14881,999.50018268,0
1505634136,21628198,0.14811,76.27747000,0
1505634054,21628147,0.14810,200.72253000,0
1505634054,21628146,0.14809,1414.42300000,0
1505634000,21628118,0.14807,166.11860000,1
1505633959,21628096,0.14810,300.00000000,1
1505633944,21628087,0.14850,1691.06485000,1
1505633944,21628084,0.14850,1208.42525000,1
1505633943,21628083,0.14851,3791.57475000,1
1505633758,21628020,0.14881,0.00006719,1
1505633756,21628017,0.14881,999.99993281,1
1505633738,21628002,0.14831,698.47200000,0
1505633738,21628001,0.14830,1402.03790000,0
1505633181,21627708,0.14998,7775.83781584,0
1505633181,21627707,0.14997,965.59616000,1
1505633181,21627706,0.14997,193.11923000,1
1505633180,21627704,0.14946,1433.10880000,0
1505632846,21627545,0.14806,483.43508272,0
1505632827,21627539,0.14782,110.88139400,0
1505632827,21627538,0.14781,1396.28190000,0
1505632814,21627531,0.14776,1400.38162992,0
1505632782,21627511,0.14805,1414.10780100,0
1505632725,21627487,0.14805,1431.81820000,0
1505632690,21627427,0.14805,1390.54300000,0
1505632543,21627258,0.14805,902.93630000,0
1505632521,21627240,0.14805,1421.04520000,0
1505632498,21627188,0.14805,1416.93390000,0
1505632357,21627149,0.14806,638.62279600,0
1505632357,21627148,0.14805,873.49867000,0
1505632348,21627145,0.14805,202.00000000,0
1505632253,21627116,0.14805,333.33333000,0
1505632102,21627025,0.14803,1893.02443853,0
1505632101,21627024,0.14803,697.03902347,0
1505632101,21627023,0.14802,1422.18020000,0
1505632028,21626938,0.14803,1264.91679600,0
1505632028,21626937,0.14802,1425.58030000,0
1505631787,21626790,0.14803,1733.49465500,0
1505631784,21626789,0.14803,634.43076100,0
1505631783,21626788,0.14802,1404.45460000,0
1505631730,21626763,0.14803,667.36483587,0
1505631730,21626761,0.14790,1126.35747613,0
1505631730,21626760,0.14789,1406.72740000,0
1505631719,21626743,0.14789,4241.22299800,0
1505631699,21626722,0.14776,10684.17302300,1
1505631694,21626712,0.14776,2593.21535763,1
1505631693,21626709,0.14776,1486.87759930,1
1505631630,21626621,0.14785,1161.81752900,1
1505631623,21626599,0.14785,402.00000000,0
1505631623,21626598,0.14784,1476.31502535,0
1505631621,21626590,0.14784,20883.80607796,1
1505631620,21626583,0.14784,1476.31502535,1
1505631617,21626577,0.14784,1226.70906725,1
1505631614,21626565,0.14784,4279.03260000,1
1505631613,21626562,0.14780,183.00000000,0
1505631606,21626550,0.14779,3045.00000000,0
1505631600,21626544,0.14780,94.00000000,1
1505631504,21626474,0.14785,1050.00000000,1
1505631489,21626468,0.14789,279.32696000,0
1505631483,21626457,0.14790,1000.00000000,0
1505631482,21626454,0.14790,10.69058316,1
1505631480,21626453,0.14790,2127.42604970,1
1505631478,21626444,0.14800,6261.75992973,1
1505631478,21626442,0.14800,2938.66777027,1
1505631373,21626342,0.14803,510.46216755,0
1505631373,21626341,0.14802,4999.99993245,0
1505631373,21626340,0.14800,8021.33222973,1
1505631373,21626339,0.14800,192.00000000,1
1505631372,21626338,0.14800,337.00000000,1
1505631372,21626337,0.14802,5000.00000000,1
1505631372,21626334,0.14805,0.00000189,1
1505631352,21626309,0.14805,257.05530000,1
1505631345,21626294,0.14805,731.69493911,1
1505631343,21626288,0.14806,0.56132064,1
1505631340,21626283,0.14806,1122.61919936,1
1505631265,21626208,0.14805,1611.24975900,1
1505631097,21625959,0.14885,1115.20429264,1
1505631095,21625954,0.14885,1710.84010300,1
1505631093,21625952,0.14885,1115.22153400,1
1505630901,21625862,0.14885,223.89985895,0
1505630658,21625638,0.14848,1995.22393181,0
1505630656,21625617,0.14847,3775.51403900,0
1505630651,21625585,0.14848,256.45573168,1
1505630648,21625577,0.14848,6391.71726832,1
1505630647,21625575,0.14845,5963.27444951,1
1505630647,21625574,0.14847,1.77567176,1
1505630647,21625572,0.14847,5962.06913824,1
1505630533,21625485,0.14828,100.00000000,1
1505630521,21625445,0.15000,9495.77438000,1
1505630519,21625438,0.15005,6070.94351900,1
1505630519,21625436,0.15006,6511.10988000,1
1505630516,21625424,0.15005,125.45111100,1
1505630512,21625422,0.15004,4410.00000000,1
1505630506,21625421,0.15004,4410.00000000,1
1505630476,21625409,0.15002,2160.47596600,1
1505630474,21625408,0.15001,155.70000000,0
1505630457,21625404,0.15000,1674.00000000,0
1505630455,21625403,0.14926,1674.00000000,0
1505630454,21625402,0.15122,3655.66254463,0
1505630454,21625400,0.15000,9495.77438040,1
1505630454,21625399,0.15000,5853.41614906,0
1505630453,21625398,0.15000,999.48309000,1
1505630453,21625397,0.14927,1952.02950249,0
1505630453,21625396,0.14926,33.90104000,0
1505630453,21625395,0.14926,169.50519000,0
1505630452,21625394,0.14888,999.23854952,0
1505630451,21625393,0.14887,3995.01580000,0
1505630437,21625381,0.14887,259.22100000,0
1505630407,21625342,0.14848,2376.72320000,0
1505630407,21625341,0.14842,384.00000000,0
1505630406,21625340,0.14848,1491.62400000,0
1505630320,21625269,0.14888,0.76145048,1
1505630224,21625224,0.14888,1522.80931779,1
1505630222,21625220,0.14888,1813.51091222,1
1505630222,21625217,0.14888,1814.41771500,1
1505630192,21625208,0.14888,103.12358947,1
1505630146,21625173,0.14925,0.00006698,1
1505630144,21625167,0.14925,4999.99993302,1
1505630025,21625064,0.14925,1194.86485000,0
1505630025,21625063,0.14924,3057.71985000,0
1505630024,21625059,0.14924,1194.86485000,0
1505629487,21624899,0.14802,598.22590455,1
1505629487,21624898,0.14802,525.48823081,1
1505629368,21624817,0.14805,117.47113000,1
1505629368,21624816,0.14826,148.00000000,1
1505629267,21624622,0.14869,376.35193600,0
1505629267,21624621,0.14849,384.00000000,0
1505629201,21624604,0.14853,334.20221000,1
1505629082,21624552,0.14910,106.10154258,0
1505628640,21624414,0.14848,6164.78144000,1
1505628622,21624402,0.14845,925.89896000,1
1505628616,21624400,0.14845,149.78639601,1
1505628468,21624336,0.14882,198.51485015,0
1505628406,21624304,0.14851,12589.70401000,1
1505628373,21624284,0.14909,823.88246877,0
1505628373,21624283,0.14909,179.71220559,0
1505628013,21624182,0.14863,49.79778750,0
1505627986,21624173,0.14901,2482.18968018,0
1505627986,21624172,0.14901,1894.66241028,0
1505627982,21624170,0.14900,4224.60400000,0
1505627743,21624055,0.14901,5563.38581300,0
1505627721,21624025,0.14901,1574.50000000,0
1505627717,21624019,0.14901,2655.62077000,0
1505627716,21624018,0.14900,2648.49923000,0
1505627714,21624016,0.14900,697.63300000,0
1505627637,21623962,0.14900,296.41833800,0
1505627542,21623927,0.14851,1500.00000000,1
1505627482,21623892,0.14894,2268.97190000,0
1505627409,21623857,0.14899,2054.54790189,0
1505627409,21623856,0.14899,1177.39210211,0
1505627385,21623846,0.14851,600.00000000,1
1505627378,21623840,0.14898,1178.22000000,0
1505627314,21623777,0.14899,822.60789789,0
1505627313,21623774,0.14899,5058.04470151,0
1505627299,21623752,0.14898,1.61050000,0
1505627299,21623751,0.14897,2559.84950000,0
1505627297,21623737,0.14898,2206.75887700,0
1505627297,21623733,0.14897,144.00000000,0
1505627288,21623705,0.14899,2981.95000000,0
1505627288,21623704,0.14899,1931.09970300,0
1505627286,21623703,0.14898,1783.64454700,0
1505627285,21623702,0.14898,6343.70172000,0
1505627285,21623701,0.14898,6449.89000000,0
1505627285,21623698,0.14899,1803.10000000,0
1505627283,21623692,0.14912,753.50406700,0
1505627283,21623690,0.14912,2477.51773300,0
1505627280,21623686,0.14899,1095.47900000,0
1505627280,21623683,0.14802,5006.10280095,0
1505627280,21623682,0.14848,31000.00000000,1
1505627279,21623675,0.14860,23000.00000000,1
1505627279,21623673,0.14860,914.74700000,0
1505627279,21623671,0.14862,8075.07800000,0
1505627278,21623670,0.14899,2000.00000000,1
1505627278,21623669,0.14899,818.10000000,0
1505627278,21623667,0.14900,100.00000000,1
1505627278,21623666,0.14900,10572.16899328,1
1505627278,21623665,0.14900,350.00000000,1
1505627278,21623664,0.14900,666.00000000,1
1505627277,21623663,0.14901,2661.90188577,1
1505627277,21623660,0.14920,69.00000000,1
1505627277,21623658,0.14926,14615.89132000,1
1505627274,21623640,0.14927,1943.24050235,1
1505627260,21623580,0.14999,1940.51251110,1
1505627257,21623571,0.15000,9495.77438040,1
1505627257,21623570,0.15000,500.00000000,1
1505627257,21623569,0.15000,2558.48489933,1
1505627257,21623566,0.15000,597.35615749,1
1505627255,21623560,0.15000,1722.94185430,1
1505627252,21623546,0.15000,577.60619320,1
1505627213,21623482,0.15001,2985.48434800,1
1505627212,21623481,0.15001,2241.01371200,1
1505627184,21623458,0.15012,3000.00000000,1
1505626865,21623340,0.15052,865.26300000,1
1505626864,21623339,0.15019,89.00000000,0
1505626612,21623268,0.15001,5459.15401400,1
1505626597,21623259,0.15000,205.33333333,1
1505626596,21623258,0.15000,555.00000000,1
1505626596,21623257,0.15000,1000.00000000,1
1505626596,21623256,0.15000,2000.00000000,1
1505626596,21623255,0.15002,13092.74307337,1
1505626596,21623254,0.15004,3914.04686000,1
1505626578,21623236,0.15003,2006.90717032,1
1505626578,21623233,0.15003,1127.22124651,0
1505626577,21623229,0.15002,583.33413663,1
1505626576,21623221,0.15003,1075.71678998,0
1505626575,21623211,0.15003,1272.60505356,1
1505626382,21623155,0.15003,1108.42884778,1
1505626381,21623153,0.15026,0.00013310,1
1505626309,21623119,0.15026,2999.99986690,1
1505626116,21622938,0.15036,57.91990000,0
1505626116,21622937,0.15035,1405.22920000,0
1505624851,21622492,0.15122,1618.51820000,1
1505624851,21622491,0.15122,1381.48180000,0
1505624323,21622276,0.15009,597.27642000,1
1505624011,21622116,0.15094,2.94470000,0
1505624011,21622115,0.15093,4203.81530000,0
1505623742,21621984,0.15084,4202.16940000,0
1505623739,21621983,0.15088,244.13517954,0
1505623739,21621979,0.15086,4019.29640000,0
1505623262,21621689,0.15086,13182.75264400,0
1505622632,21621391,0.15128,597.86970000,1
1505622523,21621333,0.15128,118.88100000,1
1505622522,21621332,0.15128,695.56800000,1
1505622517,21621320,0.15128,856.65320000,1
1505622508,21621317,0.15102,1412.31870000,1
1505622504,21621314,0.15007,226.00000000,0
1505622504,21621313,0.15006,3670.05230000,0
1505622503,21621312,0.15006,571.26500000,0
1505622377,21621272,0.15004,3668.48779300,0
1505622113,21621124,0.15002,865.77013000,1
1505621372,21620927,0.15195,1285.00000000,0
1505621303,21620888,0.15102,600.88399200,1
1505621280,21620883,0.15100,924.57995500,1
1505621274,21620882,0.15100,5160.15898000,1
1505620967,21620732,0.15012,1151.65470000,0
1505620967,21620731,0.15007,225.01900000,0
1505620934,21620713,0.15007,1395.89720000,0
1505620901,21620700,0.15008,0.98100000,0
1505620901,21620699,0.15007,1402.08900000,0
1505620879,21620690,0.15007,1743.11353800,0
1505620879,21620689,0.15007,2103.46494100,0
1505620771,21620652,0.15010,536.79822000,0
1505620770,21620651,0.15009,928.14205900,0
1505620770,21620650,0.15009,3199.63084100,0
1505620733,21620643,0.15003,3612.30000000,1
1505620719,21620634,0.15010,536.79822000,1
1505620496,21620558,0.15010,313.20178000,1
1505620059,21620237,0.15040,200.00000000,1
1505620055,21620235,0.15078,809.59115800,1
1505620026,21620228,0.15078,1968.87775000,1
1505620009,21620220,0.15078,2956.45219000,1
1505619988,21620196,0.15078,8733.62871200,1
1505619988,21620195,0.15079,2870.53691000,1
1505619986,21620194,0.15079,8267.38299228,1
1505619985,21620193,0.15079,1000.99098272,1
1505619972,21620159,0.15083,745.99594629,0
1505619970,21620145,0.15079,2864.38418800,1
1505619965,21620127,0.15079,1036.79815663,0
1505619965,21620126,0.15079,313.20184337,0
1505619963,21620115,0.15079,466.44160704,1
1505619962,21620114,0.15100,414.18630596,1
1505619931,21620105,0.15100,957.49580000,1
1505619651,21619983,0.15105,2192.05442200,0
1505619465,21619876,0.15154,7506.69572400,1
1505619464,21619873,0.15154,3038.61421400,1
1505619430,21619842,0.15154,2472.90732200,1
1505619425,21619839,0.15154,1377.77020000,1
1505618409,21619208,0.15233,394.95300000,0
1505618408,21619207,0.15214,203.00000000,0
1505618298,21619126,0.15274,420.60201610,0
1505618292,21619116,0.15188,895.31419000,1
1505618291,21619115,0.15275,420.39592878,0
1505618291,21619112,0.15188,420.21440000,1
1505618264,21619091,0.15186,0.00000410,1
1505618264,21619090,0.15186,681.73089590,1
1505618240,21619071,0.15186,0.00000223,0
1505618239,21619070,0.15186,681.73098000,0
1505618238,21619069,0.15186,680.90958777,1
1505618214,21619065,0.15277,1362.64060000,0
1505618213,21619064,0.15277,1.42031645,0
1505618213,21619063,0.15277,1362.64060000,0
1505618211,21619060,0.15184,1376.60914000,1
1505618107,21619022,0.15196,490.38912801,1
1505618097,21619006,0.15196,0.00005486,0
1505618097,21618998,0.15196,490.11775514,0
1505618088,21618973,0.15197,1319.14080508,1
1505618049,21618915,0.15295,576.73996000,1
1505617856,21618834,0.15296,1329.13730000,1
1505617843,21618816,0.15295,1872.20000000,1
1505617837,21618809,0.15295,2448.77985954,0
1505617823,21618803,0.15295,1321.75202363,0
1505617823,21618802,0.15294,1383.96220000,0
1505617805,21618797,0.15294,4720.91757000,0
1505617800,21618788,0.15297,3513.81624441,0
1505617800,21618787,0.15297,1371.84160000,0
1505617799,21618784,0.15296,2636.47951663,1
1505617798,21618783,0.15297,2782.50964078,0
1505617500,21618696,0.15295,1510.84280808,0
1505617499,21618691,0.15295,2894.67440192,1
1505617498,21618690,0.15297,781.25410168,0
1505617497,21618688,0.15296,4147.27000000,0
1505617489,21618676,0.15297,4764.59593305,1
1505617482,21618668,0.15160,609.01340000,1
1505617480,21618666,0.15296,1901.65510825,0
1505617464,21618646,0.15301,629.22639043,0
1505617463,21618643,0.15301,628.58016126,0
1505617459,21618636,0.15199,680.36305020,1
1505617458,21618633,0.15302,1374.75880546,0
1505617447,21618602,0.15307,1271.99431669,0
1505617304,21618549,0.15168,4051.72330000,1
1505617262,21618508,0.15294,1138.47257000,1
1505617248,21618502,0.15294,711.91468000,1
1505617236,21618495,0.15294,426.99988000,1
1505617233,21618486,0.15294,2497.07493320,0
1505617229,21618479,0.15267,2817.93994039,0
1505617229,21618478,0.15267,1273.95135961,0
1505617226,21618471,0.15292,4155.13086759,0
1505617225,21618469,0.15268,0.00000110,0
1505617223,21618466,0.15268,202.99988890,1
1505617223,21618462,0.15294,1574.05396680,0
1505617211,21618447,0.15295,2071.63311427,0
1505617211,21618446,0.15268,203.00000000,0
1505617211,21618445,0.15240,15.66743666,0
1505617210,21618441,0.15240,271.26721444,0
1505617210,21618438,0.15240,123.00000000,1
1505617210,21618437,0.15240,122.99988890,1
1505617200,21618428,0.15295,2490.39109082,0
1505617196,21618424,0.15296,159.87915987,1
1505617186,21618415,0.15297,159.81630385,0
1505617185,21618413,0.15297,1494.19750761,0
1505617180,21618409,0.15296,3981.90664178,0
1505617179,21618405,0.15296,159.82694822,0
1505617176,21618402,0.15295,3288.04944334,0
1505617173,21618399,0.15295,853.97285666,0
1505617169,21618394,0.15181,159.74523000,1
1505617160,21618386,0.15297,159.74519545,0
1505617154,21618382,0.15299,1654.75847604,0
1505617147,21618370,0.15298,1212.68303046,0
1505617137,21618363,0.15300,599.39274509,0
1505616849,21618299,0.15296,3009.13292046,0
1505616777,21618288,0.15306,521.36737227,0
1505616733,21618278,0.15318,188.29253600,0
1505616648,21618212,0.15231,3661.29341000,1
1505616629,21618168,0.15231,623.19006000,1
1505616603,21618141,0.15231,1346.12870000,1
1505616575,21618118,0.15295,1067.24010000,1
1505616564,21618111,0.15295,991.59564000,1
1505616564,21618109,0.15295,869.26085059,1
1505616564,21618108,0.15295,991.59564366,1
1505616564,21618107,0.15296,290.94350575,1
1505616559,21618099,0.15295,2927.70557529,0
1505616558,21618096,0.15231,1356.50950000,1
1505616556,21618089,0.15295,991.07232471,0
1505616516,21618001,0.15231,4960.48223000,1
1505616496,21617987,0.15254,590.37400000,1
1505616483,21617976,0.15255,484.69059000,1
1505616470,21617970,0.15257,352.07827824,1
1505616466,21617969,0.15269,0.00000036,1
1505616325,21617834,0.15269,1395.31076000,1
1505616258,21617778,0.15271,744.44530000,1
1505616231,21617765,0.15269,15.47393000,1
1505616180,21617751,0.15274,14.13635000,1
1505616167,21617744,0.15274,2.84492000,1
1505616157,21617739,0.15274,0.00013835,0
1505616157,21617738,0.15274,759.85229165,0
1505616088,21617688,0.15267,233.89788000,1
1505616075,21617651,0.15259,151.16801000,1
1505616062,21617633,0.15269,151.16801000,1
1505616051,21617612,0.15353,536.71256074,0
1505616049,21617608,0.15354,536.29096118,0
1505616043,21617590,0.15355,1210.51276700,0
1505616036,21617572,0.15257,484.69059000,1
1505616035,21617570,0.15257,1296.53552000,0
1505616029,21617565,0.15278,123.00000000,0
1505615996,21617531,0.15257,1372.21010000,1
1505615987,21617500,0.15255,3978.96650000,0
1505615987,21617498,0.15255,0.00000492,0
1505615982,21617492,0.15255,1917.20950508,1
1505615979,21617488,0.15322,1355.79069000,0
1505615970,21617473,0.15328,172.56241132,0
1505615968,21617470,0.15281,1352.75490000,1
1505615955,21617464,0.15281,531.44097000,1
1505615945,21617458,0.15280,642.75444364,1
1505615945,21617456,0.15281,722.61085636,1
1505615841,21617429,0.15391,180.35599450,0
1505615836,21617426,0.15260,10.29276264,0
1505615835,21617425,0.15263,195.98648736,1
1505615819,21617410,0.15259,1339.65706000,1
1505615810,21617405,0.15325,534.11255383,0
1505615806,21617395,0.15255,195.37237000,0
1505615798,21617385,0.15323,532.57755301,0
1505615792,21617369,0.15255,195.37237000,1
1505615787,21617359,0.15333,531.01558526,0
1505615772,21617347,0.15276,1010.05310025,1
1505615772,21617346,0.15276,351.73762975,1
1505615758,21617338,0.15279,752.45923000,1
1505615745,21617328,0.15280,403.63269000,1
1505615719,21617306,0.15348,605.85621213,0
1505615713,21617302,0.15280,0.00000365,0
1505615704,21617297,0.15280,299.11493635,1
1505615694,21617250,0.15354,206.48000521,0
1505615692,21617248,0.15281,1284.68777000,1
1505615679,21617227,0.15281,2333.74790000,1
1505615677,21617222,0.15282,1857.69835000,1
1505615677,21617221,0.15282,0.00013621,0
1505615665,21617213,0.15282,267.33370369,0
1505615663,21617212,0.15282,1857.69835010,1
1505615650,21617206,0.15282,819.51443000,1
1505615641,21617203,0.15281,0.00008479,0
1505615638,21617197,0.15281,2331.28059553,0
1505615637,21617195,0.15281,819.51442968,1
1505615624,21617190,0.15281,970.91539000,1
1505615602,21617179,0.15280,486.94439000,0
1505615601,21617175,0.15280,298.15200000,0
1505615595,21617169,0.15280,57.13422000,1
1505615581,21617158,0.15280,57.13422000,1
1505615570,21617135,0.15279,0.00006362,0
1505615570,21617134,0.15279,751.27315638,0
1505615547,21617115,0.15279,999.72061668,1
1505615507,21617061,0.15276,428.92507000,0
1505615507,21617059,0.15276,579.50600000,0
1505615492,21617024,0.15276,521.74060000,1
1505615479,21617011,0.15274,519.29888000,1
1505615401,21616887,0.15264,1874.57724056,1
1505615388,21616865,0.15262,593.74399634,1
1505615351,21616828,0.15324,591.81107704,0
1505615348,21616820,0.15255,1161.28594000,1
1505615335,21616803,0.15255,590.37400000,1
1505615332,21616800,0.15319,591.89571000,0
1505615323,21616796,0.15255,603.86473000,1
1505615321,21616792,0.15329,551.81711384,0
1505615311,21616789,0.15330,593.21722002,0
1505615310,21616787,0.15255,0.00000111,0
1505615310,21616786,0.15255,162.85338889,1
1505615298,21616777,0.15331,591.51845812,0
1505615296,21616773,0.15255,590.37400000,1
1505615282,21616761,0.15255,1360.63300000,1
1505615270,21616740,0.15337,590.68822532,0
1505615191,21616724,0.15240,522.11534000,1
1505615110,21616668,0.15235,976.23702001,1
1505615072,21616654,0.15234,1086.93068137,1
1505615045,21616638,0.15233,1440.86608000,1
1505614916,21616524,0.15247,871.33363940,0
1505614915,21616523,0.15240,123.00000000,0
1505614887,21616506,0.15233,497.18414000,1
1505614872,21616495,0.15231,308.75097000,1
1505614859,21616478,0.15232,4164.81250000,0
1505614842,21616469,0.15234,750.73700000,0
1505614836,21616464,0.15234,604.38695935,0
1505614701,21616337,0.15231,85.34256000,1
1505614689,21616321,0.15231,1020.09414000,1
1505614680,21616315,0.15231,961.41730000,1
1505614238,21616170,0.15234,2332.69463000,1
1505614238,21616169,0.15237,73.99399037,1
1505614238,21616168,0.15239,346.35019553,1
1505613862,21615901,0.15243,1395.72822000,1
1505613776,21615873,0.15247,244.67753000,1
1505613713,21615851,0.15366,250.81049069,0
1505613694,21615836,0.15239,1299.57078000,1
1505613686,21615825,0.15341,287.99603000,0
1505613686,21615824,0.15341,1371.65840000,0
1505613679,21615820,0.15239,8.19140000,0
1505613676,21615810,0.15239,1630.08860000,0
1505613648,21615771,0.15237,402.01005000,0
1505613646,21615768,0.15367,797.24445465,0
1505613646,21615767,0.15237,27.59773966,0
1505613645,21615765,0.15237,446.40226121,0
1505613644,21615761,0.15237,350.20127913,1
1505613621,21615749,0.15237,11.31501575,0
1505613621,21615747,0.15237,462.68498425,0
1505613607,21615732,0.15270,0.00011109,0
1505613606,21615731,0.15270,122.99988891,0
1505613604,21615725,0.15303,921.25900000,0
1505613081,21615578,0.15337,195.73251189,0
1505613073,21615570,0.15237,188.10288918,1
1505613062,21615559,0.15237,0.00000471,0
1505613060,21615557,0.15237,353.55074529,1
1505613038,21615545,0.15237,584.10033466,1
1505613038,21615544,0.15237,349.60308534,1
1505613026,21615533,0.15237,927.62155389,0
1505613026,21615531,0.15237,597.48689611,0
1505613012,21615521,0.15237,1059.09857000,1
1505613012,21615519,0.15242,33.70395000,0
1505612976,21615494,0.15383,358.38809074,0
1505612927,21615449,0.15325,551.32145000,0
1505612919,21615443,0.15236,296.05088000,1
1505612918,21615441,0.15327,1335.37913880,0
1505612917,21615438,0.15327,569.70136792,0
1505612906,21615425,0.15255,296.05088000,1
1505612893,21615406,0.15245,993.70514000,1
1505612880,21615375,0.15239,1852.47945000,1
1505612867,21615365,0.15236,29.85417425,0
1505612867,21615363,0.15236,534.82115575,0
1505612855,21615341,0.15339,296.90756795,0
1505612849,21615332,0.15241,320.69359661,1
1505612849,21615331,0.15241,897.95967339,1
1505612841,21615324,0.15343,343.39298748,0
1505612830,21615309,0.15241,319.48053316,0
1505612829,21615306,0.15241,578.47924684,0
1505612823,21615303,0.15347,983.54783993,0
1505612823,21615302,0.15276,0.00000043,0
1505612815,21615290,0.15241,1545.84669616,1
1505612762,21615244,0.15276,329.90530957,1
1505612752,21615229,0.15276,0.00004411,0
1505612752,21615226,0.15276,329.52197589,0
1505612733,21615189,0.15275,1896.53052000,1
1505612636,21615125,0.15262,4227.97722000,1
1505612418,21614993,0.15284,1106.10213294,0
1505612418,21614992,0.15261,42.00000000,0
1505612365,21614940,0.15248,1259.02090000,1
1505612339,21614890,0.15234,667.30537000,1
1505612272,21614828,0.15376,1129.90765000,0
1505612261,21614816,0.15236,1023.33792979,0
1505612260,21614814,0.15236,1044.92936270,0
1505612247,21614802,0.15237,234.46510751,0
1505612202,21614764,0.15237,200.68232000,1
1505612197,21614757,0.15244,2000.00000000,0
1505612197,21614756,0.15244,1179.79144700,0
1505612197,21614755,0.15244,841.15025300,0
1505612162,21614720,0.15278,349.58402000,1
1505611217,21614311,0.15284,2694.63022600,0
1505611217,21614310,0.15281,42.00000000,0
1505611018,21614135,0.15291,1557.93246100,0
1505611015,21614133,0.15291,2119.53420000,0
1505611014,21614132,0.15291,3970.13680000,0
1505611013,21614129,0.15291,165.00000000,0
1505611012,21614128,0.15292,1551.13485400,0
1505610991,21614121,0.15308,4052.84367518,1
1505610831,21613996,0.15308,10198.31872482,1
1505610831,21613993,0.15336,4091.36081118,1
1505610827,21613990,0.15336,4052.84367500,1
1505610494,21613417,0.15456,551.38103900,0
1505610159,21613225,0.15436,1358.50000000,1
1505610014,21613126,0.15401,36.07270000,0
1505610013,21613124,0.15401,5.92730000,0
1505610013,21613123,0.15400,4109.93440000,0
1505609892,21613068,0.15348,757.39638000,1
1505609881,21613050,0.15346,757.39638000,1
1505609552,21612927,0.15402,1005.00000000,1
1505609111,21612776,0.15402,2580.69980200,0
1505609111,21612775,0.15399,1368.49430000,0
1505608887,21612720,0.15396,2618.49821200,0
1505608885,21612715,0.15395,3132.60000000,0
1505608874,21612692,0.15399,176.15466100,0
1505608873,21612690,0.15398,1347.46600000,0
1505608802,21612618,0.15390,59.00000000,0
1505608435,21612513,0.15340,59.00000000,0
1505608435,21612512,0.15339,1361.69250000,0
1505608345,21612490,0.15341,1367.06520000,0
1505608158,21612457,0.15337,2000.00000000,1
1505607667,21612399,0.15337,1356.10600000,0
1505607523,21612344,0.15400,500.00000000,1
1505607469,21612314,0.15402,0.00000035,1
1505607396,21612132,0.15402,874.31827000,1
1505606971,21611936,0.15402,1248.19611300,1
1505606970,21611935,0.15402,770.63803700,1
1505606780,21611871,0.15510,482.03800000,1
1505606765,21611859,0.15510,37.96200000,1
1505606596,21611737,0.15419,520.00000000,1
1505606576,21611711,0.15517,520.00000000,0
