date,tid,price,amount,type
1505692690,21687693,0.18080,5396.11344400,1
1505692690,21687692,0.18081,2560.44060000,1
1505692690,21687691,0.18082,5193.28780000,1
1505692545,21687589,0.18140,3569.75985000,0
1505692545,21687588,0.18080,5000.00000000,0
1505692545,21687587,0.18074,5527.40000000,0
1505692510,21687546,0.18010,25268.68590874,1
1505692510,21687545,0.18011,4730.77318000,1
1505692510,21687544,0.18075,0.54091126,1
1505692506,21687540,0.18079,1355.40325200,0
1505692473,21687516,0.18079,879.30643000,0
1505692295,21687359,0.18075,50.00000000,1
1505692002,21687069,0.18148,2417.41899933,0
1505691984,21687055,0.18072,1195.00000000,1
1505691977,21687053,0.18074,925.62210000,1
1505691977,21687052,0.18076,4074.37790000,1
1505691556,21686724,0.18013,800.00000000,1
1505690590,21686160,0.18064,2500.00000000,1
1505689865,21685746,0.18169,1403.38621052,0
1505689864,21685745,0.18149,313.12925709,1
1505689864,21685743,0.18149,3372.47985000,0
1505689725,21685588,0.18193,1000.00000000,0
1505689686,21685561,0.18202,1367.37850000,0
1505688093,21684851,0.18200,49.87193000,0
1505688069,21684841,0.18215,287.14595000,0
1505687920,21684722,0.18215,171.11578000,0
1505687907,21684715,0.18215,53.14928195,0
1505687907,21684714,0.18215,26.72839805,0
1505687894,21684706,0.18215,488.19130000,0
1505687881,21684689,0.18215,386.10882000,0
1505687869,21684680,0.18215,24.04289068,1
1505687868,21684678,0.18215,551.22946932,1
1505687851,21684670,0.18215,454.46439296,0
1505687851,21684669,0.18215,120.80796704,0
1505687739,21684633,0.18200,0.00000446,1
1505687738,21684631,0.18200,120.80808554,1
1505687738,21684630,0.18202,0.00000342,1
1505687738,21684629,0.18215,0.00000104,1
1505687736,21684623,0.18215,976.75673896,0
1505687722,21684576,0.18202,490.98775658,0
1505687715,21684554,0.18200,49.19191000,1
1505687709,21684549,0.18202,3348.48032000,0
1505687704,21684543,0.18201,4016.24865399,1
1505687697,21684536,0.18202,0.00005408,1
1505687696,21684533,0.18215,203.99837000,0
1505687695,21684529,0.18202,3839.46813066,1
1505687690,21684523,0.18202,2206.41081526,1
1505687683,21684508,0.18215,1351.86190000,0
1505687669,21684495,0.18215,33.99837000,0
1505687668,21684494,0.18200,170.00000000,0
1505687591,21684474,0.18145,328.00263745,1
1505687547,21684464,0.18215,1024.83552631,0
1505687045,21684238,0.18240,0.00000019,1
1505686891,21683849,0.18240,457.85361981,0
1505686799,21683429,0.18205,915.94946000,0
1505686788,21683396,0.18200,49.87193000,1
1505686728,21683179,0.18214,2794.53616000,0
1505686363,21682356,0.18240,424.43310000,0
1505686312,21682183,0.18221,1116.87100000,1
1505686310,21682175,0.18221,788.40596000,1
1505686309,21682174,0.18221,3942.02981000,1
1505686309,21682172,0.18221,788.40596000,0
1505686309,21682171,0.18221,3942.02981000,0
1505685526,21680564,0.18021,278.00000000,1
1505685263,21680110,0.18228,383.06687514,0
1505685152,21679898,0.18150,848.37338900,1
1505685143,21679863,0.18199,27.40551679,0
1505684999,21679467,0.18010,1429.40970929,1
1505684999,21679465,0.18025,4568.79161000,1
1505684999,21679464,0.18026,6884.56543000,1
1505684999,21679463,0.18030,775.28403771,1
1505684998,21679462,0.18035,4075.42140000,1
1505684543,21679049,0.18119,4827.12061400,0
1505684543,21679048,0.18118,4743.72268000,0
1505684384,21678928,0.18031,3037.81277200,0
1505684374,21678925,0.18031,803.14345600,0
1505684371,21678924,0.18031,168.30000000,0
1505684356,21678919,0.18031,4022.26354400,0
1505684356,21678918,0.18031,1877.50400000,0
1505684354,21678916,0.18031,4009.25622800,0
1505684333,21678912,0.18031,4081.72000000,1
1505684322,21678900,0.18062,4279.73553300,0
1505684304,21678886,0.18062,1924.03708000,0
1505684302,21678885,0.18063,4085.08380000,1
1505684279,21678874,0.18100,2323.09980400,0
1505684228,21678843,0.18100,1676.90019600,0
1505684117,21678807,0.18120,1330.67140000,1
1505684068,21678785,0.18144,358.52085000,0
1505684064,21678777,0.18120,3000.00000000,0
1505683596,21678374,0.18206,5038.00000000,0
1505683089,21678078,0.18100,300.00000000,0
1505682812,21677802,0.18163,1252.76797000,0
1505682798,21677779,0.18164,1359.64740000,0
1505682218,21677013,0.18054,1115.29229700,1
1505682218,21677011,0.18054,1549.34903300,1
1505681480,21676203,0.18159,4442.09011000,0
1505681477,21676200,0.18010,33061.91833854,1
1505681477,21676199,0.18010,15000.00000000,1
1505681477,21676198,0.18014,333.17089101,1
1505681476,21676197,0.18100,34008.00000000,1
1505681476,21676196,0.18144,39.71580645,1
1505681476,21676195,0.18158,3500.09570000,0
1505681474,21676194,0.18160,3468.34830000,1
1505681474,21676193,0.18161,1236.80043000,1
1505681282,21676097,0.18234,0.00004970,1
1505680895,21675951,0.18272,62.89005035,0
1505680848,21675911,0.18234,41.48736555,1
1505680848,21675910,0.18234,7717.60872200,1
1505680829,21675887,0.18234,2282.39127800,1
1505680450,21675648,0.18159,11641.31321300,0
1505680449,21675646,0.18161,1409.86014100,1
1505680449,21675645,0.18162,2471.35340000,1
1505680414,21675631,0.18160,1588.79005300,1
1505680407,21675628,0.18159,149.99988987,1
1505680345,21675616,0.18160,169.00000000,1
1505680314,21675599,0.18251,381.47926091,0
1505680306,21675591,0.18248,166.00000000,0
1505679525,21675198,0.18347,298.80000000,0
1505679515,21675186,0.18155,1719.90008263,1
1505679503,21675175,0.18152,1336.24707846,1
1505679503,21675174,0.18200,0.00000176,1
1505679472,21675133,0.18200,93.94299000,1
1505679471,21675130,0.18200,859.28601824,1
1505679468,21675127,0.18379,72976.27441005,0
1505679468,21675126,0.18350,1351.64200000,0
1505679468,21675125,0.18280,10901.00000000,0
1505679467,21675124,0.18278,200.00000000,0
1505679467,21675123,0.18278,6420.87700000,1
1505679467,21675122,0.18264,881.16293000,0
1505679467,21675121,0.18264,4405.81465000,0
1505679465,21675119,0.18200,953.22900995,0
1505679384,21675076,0.18200,46.77099005,0
1505679345,21675062,0.18121,30.00000000,1
1505679338,21675058,0.18164,1283.65596300,0
1505679338,21675057,0.18164,1563.47721400,0
1505679268,21674997,0.18159,8214.47514900,0
1505679267,21674996,0.18159,4529.92930000,0
1505679267,21674995,0.18159,2280.15918100,0
1505679267,21674994,0.18110,566.97399600,0
1505679267,21674993,0.18110,198.00000000,0
1505679262,21674992,0.18110,198.00000000,0
1505679257,21674988,0.18110,198.00000000,0
1505679254,21674985,0.18110,1752.00421700,0
1505679254,21674984,0.18110,838.40364600,0
1505679221,21674972,0.18110,935.69371600,0
1505679202,21674948,0.18110,312.92442500,0
1505679170,21674911,0.18155,1152.86682000,0
1505679157,21674896,0.18155,2847.13318000,0
1505679150,21674887,0.18164,0.00011943,1
1505679149,21674881,0.18164,2847.13323057,1
1505679128,21674833,0.18162,246.04351000,1
1505679095,21674769,0.18076,1039.36353052,1
1505679094,21674768,0.18164,199.00000000,0
1505679092,21674767,0.18162,1683.00876200,0
1505679046,21674728,0.18051,1435.00000000,1
1505678560,21674422,0.18165,200.06683182,0
1505678458,21674371,0.18117,1435.00000000,1
1505678177,21674062,0.18117,7953.98335000,1
1505678177,21674061,0.18118,1268.61732000,1
1505678177,21674060,0.18119,3199.07530000,1
1505678058,21673889,0.18150,1770.72495800,0
1505678025,21673865,0.18150,1251.87800000,0
1505677996,21673852,0.18148,412.00000000,1
1505677976,21673841,0.18150,1977.39704200,0
1505677976,21673840,0.18141,4030.72525000,0
1505677975,21673839,0.18139,2623.61428600,0
1505677961,21673825,0.18142,3506.87400000,0
1505677958,21673824,0.18142,817.72500000,0
1505677922,21673795,0.18100,1000.00000000,0
1505677834,21673739,0.18064,300.00000000,1
1505677830,21673733,0.18063,894.29860000,1
1505677829,21673732,0.18064,4105.70140000,1
1505677757,21673693,0.18156,87.57686900,0
1505677455,21673474,0.18187,6800.00000000,0
1505677388,21673432,0.18138,2348.60104000,1
1505677115,21673260,0.18261,1005.19933191,0
1505676964,21673195,0.18194,2000.00000000,0
1505676894,21673134,0.18206,199.00000000,0
1505675882,21672250,0.18115,121.55653000,0
1505675882,21672249,0.18115,1678.44347000,0
1505675665,21672131,0.18079,164051.39180219,1
1505675665,21672130,0.18087,424.53166000,1
1505675665,21672129,0.18087,2127.53566000,1
1505675665,21672128,0.18087,7817.25100000,0
1505675664,21672127,0.18092,4060.87190000,1
1505675664,21672126,0.18092,10918.49800000,0
1505675664,21672125,0.18093,9509.29132000,0
1505675662,21672124,0.18180,1090.62865781,1
1505675623,21672115,0.18180,555.00000000,1
1505675506,21672049,0.18181,2489.97784000,1
1505675506,21672048,0.18181,3180.29000000,1
1505675505,21672047,0.18181,2269.71000000,1
1505675396,21671982,0.18278,294.39000000,0
1505675178,21671832,0.18182,7722.45963800,1
1505675177,21671831,0.18183,2969.11570000,1
1505675036,21671744,0.18246,3326.39081800,1
1505675034,21671740,0.18246,3576.33482000,0
1505674884,21671594,0.18181,1815.08201400,1
1505674878,21671590,0.18180,390.95000000,0
1505674703,21671444,0.18180,243.84242400,1
1505674643,21671221,0.18300,211.11153005,0
1505674361,21670632,0.18235,1364.57800000,0
1505674361,21670631,0.18233,4355.10939000,0
1505674360,21670630,0.18231,16831.15954000,0
1505674300,21670533,0.18120,534.88457200,1
1505674300,21670532,0.18121,3214.03640000,1
1505674136,21670388,0.18121,614.60430000,1
1505674136,21670387,0.18121,2218.39570000,1
1505674125,21670375,0.18121,600.00000000,1
1505673927,21670217,0.18120,16830.21254000,1
1505673927,21670216,0.18128,5539.30000000,1
1505673926,21670215,0.18128,4105.13516000,1
1505673926,21670214,0.18128,3525.35230000,1
1505673897,21670158,0.18124,2816.00000000,1
1505673865,21670092,0.18125,1527.19627000,1
1505673865,21670091,0.18154,2913.33910000,1
1505673863,21670090,0.18200,500.00000000,1
1505673772,21669937,0.18250,600.00000000,0
1505673594,21669570,0.18250,255.69610000,0
1505673509,21669458,0.18250,0.00000018,1
1505673225,21669237,0.18250,4299.99999982,1
1505673225,21669236,0.18250,4508.77596818,1
1505673225,21669234,0.18251,2633.34110000,1
1505672819,21668449,0.18250,62.89705341,0
1505672819,21668442,0.18250,3984.99580000,0
1505672818,21668441,0.18250,14974.16173000,0
1505672818,21668440,0.18274,521.74445659,1
1505672818,21668439,0.18277,1017.19945000,1
1505672818,21668437,0.18277,5091.36791000,1
1505672817,21668436,0.18281,3947.62360000,1
1505672799,21668372,0.18428,422.21337096,0
1505672797,21668361,0.18428,652.67711000,0
1505672712,21668230,0.18428,27.10277838,0
1505672611,21668153,0.18357,1871.79145211,1
1505672611,21668152,0.18400,1454.20854789,1
1505672603,21668141,0.18428,5.90660950,0
1505672603,21668140,0.18420,265.75351065,0
1505672603,21668139,0.18420,35.00000000,0
1505672602,21668138,0.18410,35.00000000,0
1505672493,21668006,0.18400,710.24105083,0
1505672492,21668005,0.18400,1907.81467400,0
1505672492,21668003,0.18400,374.94243990,0
1505672492,21668002,0.18400,1079.99324171,0
1505672426,21667911,0.18400,4920.00675829,0
1505672426,21667908,0.18399,242.83870000,0
1505672426,21667907,0.18390,173.75281865,0
1505672399,21667873,0.18390,327.00361100,0
1505672399,21667872,0.18390,871.03538900,0
1505672396,21667870,0.18390,104.96126400,0
1505672385,21667865,0.18390,28.00000000,0
1505672318,21667775,0.18390,142.97444000,0
1505671842,21667177,0.18390,318.54344700,0
1505671745,21667111,0.18307,2194.18801552,1
1505671727,21667084,0.18390,306.13014000,0
1505671628,21666984,0.18390,273.35532000,0
1505671496,21666719,0.18290,1000.00000000,0
1505671387,21666605,0.18385,92.02745000,1
1505671368,21666579,0.18394,73.65877000,0
1505671357,21666540,0.18395,35619.71675099,0
1505671356,21666539,0.18394,86.73394000,0
1505671356,21666538,0.18390,382.32916223,0
1505671356,21666537,0.18385,250.00000000,0
1505670997,21666330,0.18390,51.50126572,0
1505670992,21666326,0.18289,270.00000000,1
1505670952,21666298,0.18390,101.35150000,0
1505670932,21666265,0.18390,120.41763000,0
1505670930,21666260,0.18390,120.41763000,0
1505670821,21666154,0.18390,120.41763000,0
1505670541,21665817,0.18274,0.26103951,0
1505670537,21665809,0.18274,522.00549610,0
1505670532,21665800,0.18274,11810.73346439,0
1505670444,21665592,0.18274,300.00227861,1
1505670346,21665471,0.18397,32.20715334,0
1505670293,21665365,0.18398,176.22092000,0
1505670232,21665231,0.18377,104.01993000,1
1505670206,21665173,0.18377,123.58804000,0
1505670117,21664998,0.18300,0.00000010,0
1505670048,21664838,0.18300,1562.41566312,0
1505670048,21664837,0.18298,410.76418188,0
1505669969,21664730,0.18282,532.26767000,0
1505669955,21664698,0.18280,220.14976721,0
1505669938,21664669,0.18277,2318.16955736,0
1505669937,21664667,0.18274,514.75061481,0
1505669903,21664557,0.18274,124.39823000,0
1505669900,21664547,0.18274,698.23032595,1
1505669898,21664531,0.18274,5573.56038726,1
1505669894,21664504,0.18274,8461.25831500,1
1505669894,21664498,0.18274,4957.64982300,1
1505669893,21664493,0.18274,309.30114879,1
1505669890,21664467,0.18281,1116.58400328,1
1505669889,21664458,0.18262,228.43599672,0
1505669889,21664454,0.18280,906.68105328,1
1505669889,21664453,0.18280,5011.04589000,1
1505669887,21664448,0.18281,4998.10794300,1
1505669886,21664432,0.18280,6274.66500000,1
1505669886,21664421,0.18273,1348.65392000,0
1505669886,21664419,0.18263,70777.07000000,0
1505669886,21664417,0.18261,15348.45464000,0
1505669883,21664410,0.18254,359.65214000,1
1505669876,21664381,0.18270,360.01215000,0
1505669870,21664357,0.18274,1700.15576000,0
1505669859,21664320,0.18254,50.00000000,1
1505669844,21664291,0.18254,16930.20459600,1
1505669836,21664282,0.18254,12260.11986414,0
1505669830,21664246,0.18254,2739.88013586,0
1505669664,21663842,0.18238,33.22028095,1
1505669601,21663802,0.18128,1459.00000000,1
1505669587,21663798,0.18130,1459.62138000,1
1505669587,21663797,0.18130,4894.37862000,1
1505669551,21663767,0.18125,1376.00000000,1
1505669494,21663725,0.18251,578.97052000,1
1505669480,21663688,0.18249,729.86853000,0
1505669459,21663652,0.18235,667.98938000,1
1505669458,21663651,0.18246,667.98938000,1
1505669300,21663432,0.18147,14263.00000000,1
1505669204,21663345,0.18254,452.27573187,1
1505669203,21663339,0.18254,793.65075000,0
1505669199,21663336,0.18369,105121.05797811,0
1505669198,21663335,0.18301,3019.57978055,0
1505669198,21663334,0.18301,1680.96937300,1
1505669198,21663333,0.18301,866.39312100,1
1505669198,21663331,0.18301,6612.44704300,1
1505669198,21663330,0.18301,1750.99807100,1
1505669198,21663329,0.18301,7367.03551800,1
1505669197,21663328,0.18275,174.26562000,0
1505669197,21663327,0.18262,1343.66320000,1
1505669197,21663325,0.18259,5539.30000000,0
1505669197,21663324,0.18259,871.32808000,0
1505669196,21663323,0.18258,74432.58900000,0
1505669196,21663322,0.18257,1337.59600000,0
1505669196,21663316,0.18256,62942.35100000,1
1505669195,21663313,0.18256,820.95283743,1
1505669195,21663312,0.18256,327.58226785,1
1505669194,21663309,0.18256,4038.94397000,0
1505669193,21663308,0.18129,555.00000000,1
1505669181,21663300,0.18128,1888.22074800,0
1505669181,21663299,0.18129,2313.29750000,1
1505669170,21663288,0.18130,460.21324000,1
1505669164,21663265,0.18285,9197.81701299,0
1505669164,21663263,0.18285,14254.69100000,0
1505669163,21663261,0.18285,1354.82450000,0
1505669157,21663240,0.18123,2147.00000000,1
1505669141,21663225,0.18120,7401.54540000,1
1505669141,21663223,0.18124,2596.45460000,1
1505669132,21663180,0.18400,17758.85956521,1
1505669132,21663179,0.18399,41.28339581,0
1505669132,21663178,0.18370,2000.00000000,0
1505669131,21663177,0.18320,35.00000000,0
1505669131,21663174,0.18319,173224.00000000,0
1505669131,21663173,0.18310,35.00000000,0
1505669131,21663172,0.18310,35.00000000,0
1505669130,21663171,0.18301,10000.00000000,0
1505669130,21663170,0.18300,10072.00000000,0
1505669130,21663169,0.18214,1355.42010000,0
1505669129,21663168,0.18211,267.41527000,0
1505669129,21663167,0.18080,5227.84952368,0
1505669129,21663166,0.18079,51660.59488033,0
1505669127,21663165,0.18078,1337.07634000,0
1505668996,21662996,0.18079,5030.20018300,0
1505668996,21662995,0.18078,452.12694000,0
1505668990,21662984,0.18079,4386.21655000,0
1505668987,21662963,0.18079,2890.34661800,0
1505668985,21662955,0.18079,7773.24496700,0
1505668985,21662954,0.18078,537.18052000,0
1505668974,21662944,0.18079,19514.03177600,0
1505668971,21662940,0.18078,638.23428000,0
1505668971,21662939,0.18078,2024.00000000,0
1505668910,21662884,0.18079,91.43658388,0
1505668908,21662883,0.18078,758.29816000,0
1505668645,21662730,0.18079,63339.06376800,0
1505668645,21662729,0.18079,16195.98827200,0
1505668645,21662728,0.18079,849.57944900,0
1505668642,21662727,0.18079,414.94104100,0
1505668642,21662726,0.18078,610.94831000,0
1505668640,21662722,0.18078,290.00000000,0
1505668624,21662715,0.18078,607.77169200,0
1505668601,21662691,0.18079,7967.79059600,0
1505668601,21662690,0.18078,1250.33922000,0
1505668592,21662686,0.18078,348.56850700,0
1505668573,21662680,0.18078,1325.86447700,0
1505668534,21662654,0.18078,1734.97159000,0
1505668501,21662638,0.18078,555.98095060,0
1505668364,21662576,0.18015,889.00000000,1
1505668295,21662548,0.18050,2577.54660861,0
1505668216,21662511,0.18015,138.00000000,1
1505668182,21662501,0.18079,8115.49564000,0
1505668182,21662500,0.18078,1884.50436000,0
1505668148,21662487,0.18079,20853.23250000,0
1505668148,21662486,0.18078,2239.01508000,0
1505668148,21662485,0.18077,7013.80108000,0
1505668061,21662438,0.18078,1265.66375400,0
1505668044,21662432,0.18078,1973.91900000,0
1505667950,21662362,0.18077,1529.31753800,0
1505667796,21662300,0.18077,7288.08607000,0
1505667792,21662291,0.18078,1163.16566900,0
1505667738,21662246,0.18014,6613.97266833,0
1505667737,21662244,0.18014,1328.82591000,0
1505667735,21662242,0.18014,6488.14300000,1
1505667735,21662241,0.18014,4103.42790000,1
1505667704,21662225,0.18079,1037.17400000,0
1505667703,21662223,0.18079,878.33007400,0
1505667694,21662221,0.18080,357.78875600,0
1505667678,21662216,0.18078,547.13537057,0
1505667652,21662200,0.18080,1394.74713800,0
1505667352,21662045,0.18009,3527.77405606,1
1505667344,21662044,0.18211,547.74927242,0
1505667330,21662031,0.18000,445.65837089,0
1505667329,21662026,0.18000,3632.66396000,0
1505667322,21662013,0.18000,1889.67799345,0
1505667320,21662011,0.18000,11543.92720898,0
1505667320,21662010,0.18000,13987.52418200,0
1505667320,21662009,0.18000,4127.80000000,0
1505667320,21662008,0.18000,2476.67333300,0
1505667320,21662006,0.18000,8498.69248200,0
1505667320,21662005,0.18000,77023.29320400,0
1505667320,21662004,0.18000,6086.64459100,0
1505667319,21662001,0.18000,1666.66666667,0
1505667318,21661999,0.18000,6635.66717000,0
1505667317,21661998,0.18000,9495.77438040,0
1505667317,21661997,0.18000,1758.85654195,0
1505667317,21661995,0.18000,504.23625000,1
1505667317,21661993,0.18003,488.40863000,1
1505667317,21661991,0.18088,2440.26096000,1
1505667317,21661990,0.18090,3265.57440000,1
1505667080,21661833,0.18222,1000.00000000,0
1505666995,21661792,0.18220,1149.46608122,0
1505666668,21661541,0.18095,453.62006000,1
1505666668,21661540,0.18095,1591.37994000,0
1505666661,21661536,0.18095,556.00000000,1
1505666404,21661244,0.18238,65.62140200,0
1505666299,21661160,0.18284,1908.52944732,1
1505666299,21661157,0.18284,440.01377000,1
1505666298,21661155,0.18284,1282.08196268,1
1505666297,21661151,0.18282,301.22914000,0
1505666297,21661150,0.18282,1506.14568000,0
1505666179,21661069,0.18220,4574.94477400,1
1505666175,21661068,0.18221,976.42110200,1
1505666173,21661066,0.18220,4426.18310000,1
1505666070,21661022,0.18220,0.00000442,0
1505665821,21660704,0.18220,34.99999558,0
1505665821,21660703,0.18214,4.79447442,0
1505665813,21660697,0.18214,80.67909558,0
1505665812,21660696,0.18210,0.00000442,0
1505665724,21660590,0.18201,2646.53574100,0
1505665724,21660589,0.18201,1654.86599900,0
1505665704,21660545,0.18201,5698.59826000,0
1505665699,21660534,0.18199,839.33190000,0
1505665679,21660510,0.18192,539.16787599,0
1505665529,21660385,0.18192,54.83212401,0
1505665474,21660361,0.18150,6845.88490403,0
1505665474,21660360,0.18153,5234.89671000,1
1505665474,21660359,0.18155,3057.78630000,1
1505665416,21660299,0.18192,226.45087000,0
1505665402,21660270,0.18195,226.45087000,0
1505665390,21660261,0.18198,13.44621000,1
1505665388,21660258,0.18198,279.56897000,0
1505665250,21660151,0.18200,1414.67872900,0
1505665250,21660150,0.18200,3507.71731200,0
1505665247,21660145,0.18199,325.29368000,0
1505665246,21660144,0.18198,65.05874000,0
1505665246,21660143,0.18195,631.05027900,0
1505665220,21660102,0.18200,12228.17400000,0
1505665219,21660101,0.18200,42597.36800000,0
1505665219,21660100,0.18200,2338.15630000,0
1505665217,21660099,0.18200,13.78715000,0
1505665211,21660085,0.18200,683.08201500,0
1505665211,21660084,0.18199,102.33658000,0
1505665211,21660083,0.18199,168.14168000,0
1505665201,21660058,0.18200,2491.56678200,0
1505665190,21660043,0.18198,38.30142000,0
1505665177,21659989,0.18200,195.61531000,0
1505665166,21659982,0.18130,3751.46250000,1
1505665166,21659981,0.18131,3698.53750000,1
1505665165,21659979,0.18200,500.00000000,0
1505665151,21659949,0.18210,283.86141000,0
1505665141,21659923,0.18210,943.38076000,0
1505665093,21659773,0.18209,302.68004000,1
1505665085,21659756,0.18210,847.96582000,0
1505665085,21659754,0.18210,35.00000000,0
1505665071,21659705,0.18098,2197.12915000,1
1505665071,21659704,0.18200,446.87085000,1
1505665059,21659643,0.18209,61.54653948,1
1505665057,21659636,0.18200,203.00000000,0
1505665057,21659635,0.18200,200.00000000,0
1505665057,21659634,0.18200,535.45346052,0
1505665045,21659609,0.18200,549.79945000,0
1505665039,21659585,0.18085,4000.00000000,1
1505665032,21659576,0.18200,48.26091000,0
1505665031,21659573,0.18079,23047.65133300,1
1505665031,21659572,0.18079,9391.72400000,1
1505665018,21659547,0.18200,649.90655000,0
1505665006,21659523,0.18062,4000.00000000,1
1505665005,21659518,0.18200,549.79945000,0
1505665003,21659515,0.18200,100.00000000,0
1505664992,21659489,0.18197,458.31898000,0
1505664979,21659460,0.18200,91.00071000,0
1505664977,21659442,0.18200,1944.55555100,0
1505664975,21659437,0.18200,5716.48351648,0
1505664975,21659436,0.18200,3928.47157100,0
1505664973,21659429,0.18200,2068.26292200,0
1505664973,21659427,0.18200,3186.95563000,0
1505664969,21659415,0.18198,890.12660000,0
1505664969,21659413,0.18197,86.21100000,0
1505664967,21659408,0.18184,104.03256000,0
1505664967,21659406,0.18183,431.05498000,0
1505664966,21659402,0.18170,1461.16049975,0
1505664966,21659399,0.18170,543.40153000,0
1505664953,21659348,0.18170,645.62558000,0
1505664952,21659342,0.18170,1359.82665273,0
1505664948,21659307,0.18170,1651.07319758,0
1505664943,21659277,0.18170,3629.73059100,0
1505664943,21659268,0.18170,12291.66757500,0
1505664941,21659258,0.18170,94.78818000,0
1505664939,21659256,0.18170,128.19103000,0
1505664930,21659228,0.18170,150.55302785,0
1505664929,21659221,0.18170,140.68252000,0
1505664925,21659190,0.18170,686.69852439,0
1505664924,21659184,0.18164,3981.00000000,0
1505664923,21659168,0.18170,972.45418700,0
1505664922,21659165,0.18170,5011.11611000,0
1505664920,21659157,0.18169,1822.76003402,0
1505664915,21659122,0.18170,972.45418800,0
1505664915,21659120,0.18170,1676.32674200,0
1505664914,21659117,0.18169,1926.39950600,0
1505664914,21659115,0.18168,998.72244000,0
1505664911,21659101,0.18170,5092.96785300,0
1505664910,21659099,0.18169,1173.74936900,0
1505664910,21659096,0.18163,553.29894700,0
1505664910,21659095,0.18163,1003.87363200,0
1505664904,21659063,0.18163,101.79153100,0
1505664896,21659023,0.18164,2083.95225200,0
1505664891,21658993,0.18164,227.85432000,0
1505664887,21658984,0.18166,444.63765970,0
1505664881,21658945,0.18167,1795.01051957,0
1505664876,21658927,0.18166,2060.45012300,1
1505664876,21658925,0.18166,3478.84987700,1
1505664875,21658918,0.18169,1308.44289782,0
1505664864,21658870,0.18094,4000.00000000,0
1505664861,21658850,0.18091,3096.85064000,1
1505664861,21658849,0.18092,5235.72826000,1
1505664861,21658847,0.18093,7024.90200000,1
1505664860,21658845,0.18095,20629.67200000,1
1505664860,21658843,0.18097,4060.84710000,1
1505664844,21658749,0.18169,602.02773000,0
1505664828,21658569,0.18079,2349.00000000,1
1505664797,21658491,0.18062,4000.00000000,1
1505664789,21658482,0.18161,800.95464000,0
1505664787,21658475,0.18162,39.98304852,0
1505664787,21658474,0.18150,300.00000000,0
1505664787,21658472,0.18122,980.22688148,0
1505664787,21658470,0.18120,40.00000000,0
1505664770,21658345,0.18110,40.00000000,0
1505664770,21658343,0.18110,40.00000000,0
1505664770,21658340,0.18100,15.90516329,0
1505664766,21658309,0.18051,4000.00000000,1
1505664756,21658268,0.18100,232.53909536,0
1505664752,21658248,0.18100,1850.44380669,0
1505664751,21658246,0.18100,1785.81321500,0
1505664750,21658244,0.18099,8464.96111961,0
1505664747,21658214,0.18099,1210.47296039,0
1505664734,21658167,0.18044,4000.00000000,1
1505664694,21658032,0.18099,324.56592000,0
1505664676,21658012,0.18098,6014.59387200,0
1505664611,21657915,0.18098,93.00000000,0
1505664611,21657913,0.18098,1064.68253407,0
1505664611,21657909,0.18098,1093.23818145,0
1505664606,21657892,0.18098,66.13990500,0
1505663777,21657272,0.18005,0.00000200,0
1505663772,21657269,0.18005,97.03681000,0
1505663753,21657200,0.18005,4743.21131300,0
1505663717,21657147,0.18005,15546.02897100,0
1505663715,21657146,0.18005,4699.88144400,0
1505663713,21657142,0.18005,4083.73510000,1
1505663713,21657141,0.18006,830.10636000,1
1505663628,21657085,0.18005,280.00000000,1
1505663378,21656984,0.18001,4196.20681221,0
1505663368,21656979,0.18001,902.09889000,0
1505663355,21656972,0.18001,996.85611000,0
1505663336,21656947,0.18001,968.77121600,0
1505663335,21656945,0.18001,64.95133000,0
1505663331,21656936,0.18001,3486.05514200,0
1505663326,21656933,0.18001,2674.05800000,0
1505663321,21656928,0.18001,1364.92293605,0
1505663320,21656927,0.18001,1365.19074474,0
1505663318,21656923,0.18001,1101.56194000,1
1505663318,21656922,0.18001,2248.27660000,1
1505662978,21656622,0.18100,721.00000000,1
1505662945,21656616,0.18100,4000.00000000,1
1505662921,21656585,0.18100,7995.34254000,1
1505662921,21656584,0.18101,2004.65746000,1
1505662914,21656578,0.18101,4000.00000000,1
1505662907,21656572,0.18100,50000.00000000,0
1505662907,21656571,0.18100,3521.90542203,0
1505662906,21656570,0.18099,1762.03060000,0
1505662906,21656569,0.18098,12608.43495000,0
1505662805,21656438,0.18098,66.13625100,0
1505662454,21656076,0.18001,2759.67636700,0
1505662453,21656075,0.18001,2575.17847400,0
1505662446,21656063,0.18000,1324.33888240,1
1505662441,21656056,0.18001,2759.67636700,0
1505662441,21656055,0.18001,76.90429000,0
1505662429,21656040,0.18001,1943.01791100,0
1505662413,21655981,0.18000,8171.43549800,0
1505662408,21655970,0.18001,11438.79229100,0
1505662405,21655954,0.18000,7008.44562040,1
1505662404,21655951,0.18000,2487.32876000,0
1505662392,21655927,0.18001,3446.75430000,1
1505662194,21655790,0.18001,3494.07651740,1
1505662180,21655782,0.18000,6001.69786300,0
1505662009,21655718,0.18000,9495.77438040,1
1505662009,21655717,0.18001,5986.39685000,1
1505662009,21655716,0.18002,2667.84630000,1
1505661928,21655697,0.18003,242.31777661,1
1505661906,21655696,0.18001,7486.72320000,1
1505661906,21655695,0.18002,2513.27680000,1
1505661840,21655671,0.18000,4767.46391040,0
1505661804,21655663,0.18000,2441.01160000,0
1505661774,21655639,0.18000,6419.26430000,1
1505661774,21655638,0.18002,2478.21420000,1
1505661748,21655585,0.18003,875.00000000,0
1505661595,21655419,0.18006,362.83680000,1
1505661595,21655417,0.18007,2429.16320000,1
1505661442,21655258,0.18000,7917.35196000,1
1505661426,21655248,0.18000,789.21121000,1
1505661374,21655230,0.17997,402.41448700,0
1505661005,21655014,0.17953,66.67038000,0
1505660682,21654780,0.17917,1761.64359600,0
1505660663,21654759,0.17919,140.10278191,0
1505660660,21654756,0.17919,140.09496367,0
1505660655,21654751,0.17967,12719.38556662,0
1505660655,21654750,0.17920,0.00000038,0
1505660579,21654700,0.17814,560.00000000,1
1505660555,21654681,0.17914,4037.53874500,0
1505659960,21654351,0.17920,39119.12924900,0
1505659960,21654350,0.17920,1916.50148134,0
1505659960,21654349,0.17920,420.09776566,0
1505659797,21654289,0.17920,1000.00000000,0
1505659767,21654287,0.17920,8579.90223434,1
1505659764,21654286,0.17988,503.68537358,0
1505659525,21654111,0.17920,195.80400000,1
1505659472,21654082,0.17920,23116.29376566,1
1505659472,21654081,0.17921,2136.91685000,1
1505659472,21654080,0.17921,2822.65757000,1
1505659472,21654079,0.17921,1878.91180000,1
1505659459,21654070,0.17921,195.80400000,1
1505659390,21654008,0.17998,1200.69441189,0
1505659377,21654000,0.17997,80.00000000,0
1505659328,21653923,0.17997,1467.03276044,0
1505659203,21653848,0.17998,66.50739000,0
1505658831,21653695,0.17721,3182.74424900,1
1505658831,21653694,0.17810,1597.71333159,1
1505658830,21653693,0.17810,139.94868000,1
1505658830,21653692,0.17810,262.33798841,1
1505658830,21653691,0.17816,619.90248000,1
1505658830,21653690,0.17861,3095.23936000,1
1505658829,21653689,0.17865,16961.21651100,0
1505658828,21653688,0.17865,4140.89740000,1
1505658701,21653541,0.17901,2000.00000000,0
1505658635,21653419,0.17900,576.32259975,1
1505658453,21653346,0.17901,2030.05590000,1
1505658429,21653330,0.17995,1582.38235916,0
1505658411,21653315,0.17900,5756.67740025,1
1505658411,21653314,0.17901,1999.00049975,1
1505658411,21653313,0.17902,2244.32210000,1
1505658312,21653226,0.17901,1446.95553458,0
1505658312,21653225,0.17901,553.04446542,0
1505658288,21653201,0.17901,1388.00000000,1
1505658209,21653011,0.17999,1581.69231840,0
1505658208,21653005,0.17900,945.18694028,1
1505658198,21652925,0.17900,1812.97624400,1
1505658198,21652923,0.17900,779.99977200,1
1505658197,21652918,0.17900,2483.82081700,1
1505658197,21652913,0.17900,2719.04626700,1
1505658197,21652908,0.17900,1026.65413200,1
1505658197,21652906,0.17900,8260.28295900,1
1505658196,21652899,0.17905,3855.85855300,1
1505658196,21652893,0.17905,882.21869700,1
1505658195,21652878,0.17900,896.72130300,1
1505658194,21652875,0.17900,11555.42125600,1
1505658194,21652873,0.17901,1000.00000000,1
1505658193,21652854,0.17946,1034.44515000,0
1505658193,21652852,0.17942,1361.82030000,0
1505658193,21652848,0.17904,494.61957000,1
1505658192,21652846,0.17946,5539.30000000,1
1505658192,21652845,0.17947,373.38930000,1
1505658192,21652842,0.17947,1000.00000000,1
1505658100,21652634,0.18000,7060.69462600,0
1505658100,21652630,0.18000,7914.08206200,1
1505658099,21652628,0.18005,1362.30330000,1
1505658099,21652623,0.18006,1362.30330000,1
1505658056,21652528,0.18005,0.00000024,0
1505658049,21652527,0.18005,2939.30537400,0
1505658030,21652512,0.18005,3583.97294500,0
1505658025,21652511,0.18005,2939.30537400,0
1505658009,21652495,0.18005,10541.05950900,0
1505658003,21652487,0.18005,7610.17484600,0
1505658003,21652486,0.18005,1852.40884700,0
1505657977,21652449,0.18005,2169.91900000,0
1505657960,21652442,0.18005,2634.23900000,0
1505657904,21652421,0.18010,344.11861000,0
1505657897,21652419,0.18010,2602.88300000,0
1505657886,21652406,0.18098,1145.04700000,0
1505657875,21652391,0.18098,539.64402000,0
1505657403,21652036,0.18100,66.13259700,0
1505657312,21651963,0.18057,4000.00000000,1
1505657200,21651761,0.18055,150.00000000,0
1505657089,21651642,0.18050,1597.71333159,0
1505657047,21651600,0.18050,139.94868000,0
1505657036,21651584,0.18018,824.97282320,1
1505657029,21651565,0.18050,262.33798841,0
1505657029,21651564,0.18049,645.97415059,0
1505657028,21651561,0.18049,200.00000000,0
1505657028,21651559,0.18049,1653.71809500,0
1505657027,21651557,0.18049,10601.55400000,0
1505657018,21651549,0.18049,3540.11892700,0
1505656998,21651523,0.18010,3832.96349280,1
1505656932,21651418,0.18049,2550.00000000,0
1505656931,21651411,0.18049,908.31214000,0
1505656924,21651386,0.18001,1861.80278720,1
1505656917,21651360,0.18001,3383.16164280,0
1505656916,21651355,0.18001,1861.80278691,0
1505656913,21651338,0.18001,2000.00000000,0
1505656904,21651314,0.18001,1089.97457000,0
1505656895,21651281,0.18001,1753.49579900,0
1505656875,21651197,0.18001,15786.25193300,0
1505656874,21651195,0.18001,3782.14806700,0
1505656853,21651173,0.18001,22194.32253764,0
1505656820,21651139,0.18000,1079.18274000,1
1505656818,21651133,0.18001,1870.14777000,0
1505656814,21651131,0.18001,2385.76501300,0
1505656814,21651130,0.18001,5252.47730400,0
1505656807,21651100,0.18000,1282.19732000,1
1505656794,21651094,0.18000,1523.40275000,1
1505656781,21651087,0.18000,1809.98347000,1
1505656762,21651065,0.18001,4554.45602500,0
1505656761,21651064,0.18001,2511.31828360,0
1505656761,21651063,0.18000,9495.77438040,0
1505656761,21651062,0.18001,1697.97235500,0
1505656761,21651061,0.18000,2150.47541000,0
1505656761,21651060,0.18000,5000.00000000,0
1505656761,21651059,0.17998,10732.09891000,0
1505656755,21651057,0.17998,3243.34600027,0
1505656730,21651032,0.18000,3009.08237986,1
1505656728,21651029,0.18000,2555.02028000,1
1505656721,21651023,0.18001,2030.05053100,0
1505656720,21651021,0.18001,2286.32897300,0
1505656716,21651012,0.18002,15355.21200000,1
1505656716,21651010,0.18003,3983.72014000,1
1505656715,21651009,0.18003,2795.08650000,1
1505656715,21651008,0.18003,3628.86343000,1
1505656539,21650872,0.18001,375.86572600,1
1505656534,21650862,0.18002,197.00000000,1
1505656532,21650856,0.18001,198.00000000,1
1505656527,21650852,0.18001,2970.00000000,1
1505656514,21650819,0.18001,681.21158400,1
1505656514,21650818,0.18002,1887.92350000,1
1505656512,21650812,0.18002,553.83600000,1
1505656050,21650460,0.18022,1763.00000000,1
1505656003,21650438,0.18009,2960.63646948,1
1505656002,21650437,0.18037,1039.36353052,1
1505655983,21650429,0.18037,113.10080311,1
1505655983,21650426,0.18037,1812.70000000,1
1505655974,21650419,0.18037,4000.00000000,1
1505655956,21650399,0.18037,979.00000000,1
1505655946,21650389,0.18036,4000.00000000,1
1505655884,21650358,0.18026,777.00000000,1
1505655790,21650276,0.18001,454.00000000,1
1505655773,21650265,0.18000,7877.45599836,0
1505655773,21650264,0.18000,200.00000000,0
1505655772,21650263,0.17999,240.79396000,0
1505655699,21650167,0.17900,5962.12350300,0
1505655699,21650166,0.17900,2125.78849700,0
1505655699,21650165,0.17900,912.08800000,0
1505655695,21650156,0.18000,7300.00000000,1
1505655646,21650113,0.18000,59.45530000,1
1505655646,21650112,0.18000,297.27650000,1
1505655644,21650110,0.18000,8586.72446177,1
1505655643,21650109,0.18000,184.04784906,0
1505655643,21650107,0.18000,201.14838889,0
1505655643,21650106,0.18000,1772.65727806,0
1505655643,21650105,0.17999,353.19980000,0
1505655630,21650091,0.18000,182.48623288,0
1505655630,21650089,0.18000,3243.31196000,0
1505655630,21650088,0.17999,436.04913000,0
1505655628,21650086,0.17998,87.20983000,0
1505655604,21650058,0.17998,66.50739000,0
1505655525,21649874,0.17929,1934.28810000,1
1505655525,21649873,0.17931,1847.87290000,1
1505655525,21649872,0.17932,6217.83900000,1
1505655462,21649770,0.18000,181.32801000,0
1505655449,21649719,0.18000,217.08100000,0
1505655441,21649679,0.18000,8141.04933317,1
1505655440,21649676,0.18000,1354.72504723,1
1505655439,21649673,0.18054,19501.35094715,0
1505655439,21649670,0.18020,40.00000000,0
1505655438,21649665,0.18000,1354.39324270,1
1505655438,21649660,0.18000,8697.58356983,1
1505655437,21649657,0.18000,143.12698527,0
1505655436,21649654,0.18000,40.00000000,0
1505655433,21649635,0.18000,0.92023696,1
1505655432,21649631,0.18000,183.12715482,1
1505655423,21649600,0.18010,40.00000000,0
1505655421,21649595,0.18000,59.43197000,1
1505655407,21649551,0.18000,59.56518000,0
1505655407,21649549,0.18000,3541.30433899,0
1505655396,21649503,0.18000,73.53563000,0
1505655387,21649472,0.18000,3762.10000000,1
1505655387,21649468,0.18000,270.04185952,1
1505655383,21649461,0.17998,457.80892000,0
1505655383,21649460,0.17997,91.56178000,0
1505655381,21649454,0.18000,8921.14091908,0
1505655381,21649453,0.17999,6651.76580377,0
1505655381,21649452,0.17997,91.56178000,0
1505655381,21649451,0.17949,978.49972643,0
1505655369,21649423,0.17949,59.62481000,0
1505655356,21649374,0.17949,136.86538000,0
1505655350,21649354,0.17999,3348.23419623,0
1505655350,21649353,0.17999,5812.70000000,1
1505655349,21649351,0.17996,94.55606000,0
1505655349,21649350,0.17959,87.34087000,0
1505655349,21649349,0.17959,4223.86427777,0
1505655347,21649346,0.17949,317.99999934,0
1505655343,21649338,0.17949,0.00000066,0
1505655343,21649337,0.17949,318.35447934,0
1505655336,21649329,0.17949,0.00000533,1
1505655334,21649322,0.17949,318.35448467,1
1505655276,21649186,0.17931,89.55817000,1
1505655252,21649031,0.17930,0.00018189,1
1505655249,21649012,0.17930,107.43379811,1
1505655224,21648930,0.17800,296.89889752,0
1505655211,21648908,0.17800,564.49929000,0
1505655198,21648889,0.17800,564.49929000,0
1505655185,21648854,0.17800,564.49929000,0
1505655171,21648814,0.17800,564.49929000,0
1505655158,21648775,0.17800,137.55177000,0
1505655152,21648760,0.17800,6001.50669400,0
1505655145,21648743,0.17800,509.58863000,0
1505655132,21648729,0.17800,537.04396000,0
1505655125,21648707,0.17800,193.80282800,0
1505655119,21648653,0.17800,434.64261000,0
1505655039,21648506,0.17800,457.85336000,0
1505655035,21648498,0.17800,457.85336000,0
1505654947,21648371,0.17800,381.67169000,0
1505654943,21648360,0.17801,1915.88190000,1
1505654917,21648312,0.17958,58826.11884457,0
1505654917,21648310,0.17920,40.00000000,0
1505654917,21648308,0.17910,40.00000000,0
1505654917,21648307,0.17900,9066.14258490,0
1505654917,21648306,0.17880,28540.00000000,0
1505654917,21648304,0.17875,104.73252000,0
1505654917,21648302,0.17827,488.85465900,0
1505654917,21648301,0.17820,40.00000000,0
1505654916,21648300,0.17813,1384.94317608,0
1505654916,21648298,0.17810,40.00000000,0
1505654916,21648297,0.17809,116.43046000,0
1505654916,21648296,0.17800,5351.69314545,0
1505654916,21648294,0.17798,15378.93232000,0
1505654916,21648293,0.17789,582.15229000,0
1505654733,21648190,0.17792,410.81929000,0
1505654697,21648174,0.17790,225.70647000,1
1505654693,21648170,0.17790,910.05710000,0
1505654609,21648121,0.17699,1092.77147796,0
1505654589,21648105,0.17699,422.48319802,0
1505654587,21648104,0.17699,1468.24526300,0
1505654584,21648102,0.17699,422.28404499,0
1505654578,21648086,0.17699,422.08848991,0
1505654573,21648078,0.17699,421.96806288,0
1505654569,21648069,0.17699,1515.25467600,0
1505654568,21648068,0.17699,421.93894524,0
1505654566,21648065,0.17699,3212.96584200,0
1505654566,21648064,0.17699,1458.81364000,0
1505654535,21648034,0.17695,421.81613622,0
1505653803,21647568,0.17679,67.70745000,0
1505653320,21647340,0.17644,190.83538000,1
1505653320,21647339,0.17645,1898.05330000,1
1505653319,21647338,0.17645,17202.11132000,1
1505653218,21647276,0.17699,863.62090000,0
1505653208,21647264,0.17699,863.62090000,0
1505653031,21647093,0.17699,813.94456000,1
1505653027,21647084,0.17700,5590.77400937,0
1505653025,21647082,0.17699,813.94456000,0
1505652861,21646964,0.17788,398.29160579,0
1505652814,21646927,0.17800,1511.84064182,1
1505652814,21646926,0.17800,2062.22847600,1
1505652814,21646925,0.17800,11385.62097400,1
1505652814,21646924,0.17800,4690.05187000,1
1505652813,21646923,0.17800,1690.92241800,1
1505652813,21646922,0.17800,3821.11242600,1
1505652813,21646921,0.17800,6908.22351400,1
1505652813,21646920,0.17800,877.93179000,1
1505652812,21646919,0.17800,2834.38678000,1
1505652811,21646917,0.17800,1806.19051567,1
1505652810,21646914,0.17741,42325.68626346,0
1505652810,21646913,0.17739,216.54504000,0
1505652810,21646912,0.17708,39664.98763913,0
1505652810,21646911,0.17707,1082.72518000,0
1505652810,21646910,0.17706,8781.31400000,0
1505652250,21646716,0.17708,2913.84912935,0
1505652250,21646715,0.17700,28819.00000000,0
1505652250,21646714,0.17700,213.00000000,0
1505652250,21646713,0.17694,310.37885000,0
1505652250,21646712,0.17693,1551.89425000,0
1505652250,21646711,0.17600,6191.87777065,0
1505652250,21646710,0.17600,869.66147900,0
1505652239,21646700,0.17600,3758.00000000,0
1505652220,21646647,0.17600,3758.00000000,0
1505652214,21646644,0.17600,682.70377100,0
1505652202,21646643,0.17600,3758.00000000,0
1505652184,21646639,0.17600,3758.00000000,0
1505652172,21646636,0.17600,421.80594935,0
1505652115,21646623,0.17699,257.07410200,0
1505652029,21646588,0.17690,382.19643866,0
1505652005,21646581,0.17691,67.65387400,0
1505651932,21646529,0.17700,2071.32512644,0
1505651932,21646528,0.17698,5168.49606000,0
1505651743,21646465,0.17708,114.44842656,0
1505651404,21646373,0.17690,4739.13044000,0
1505651370,21646369,0.17676,1065.93778178,1
1505651316,21646345,0.17669,50.00000000,1
1505651316,21646343,0.17760,50.00000000,1
1505651250,21646326,0.17760,50.00000000,0
1505650671,21646013,0.17700,1000.00000000,0
1505650671,21646011,0.17699,1703.79624000,0
1505650621,21645981,0.17697,111.24320600,0
1505650350,21645852,0.17577,3468.00000000,1
1505650265,21645804,0.17654,2580.00000000,0
1505650206,21645781,0.17652,67.80717200,0
1505649662,21645596,0.17651,662.70080284,0
1505649299,21645410,0.17695,17123.23355069,0
1505649299,21645409,0.17695,495.17985000,0
1505649298,21645408,0.17695,2475.89923000,0
1505649194,21645361,0.17508,94.51872000,1
1505649155,21645337,0.17498,334.98205510,1
1505649154,21645333,0.17497,335.00000000,1
1505649095,21645290,0.17475,1000.00000000,1
1505648962,21645209,0.17505,43.89830500,1
1505648846,21645098,0.17556,1869.64445763,0
1505648846,21645097,0.17554,5060.50029000,0
1505648779,21644987,0.17527,606.68000000,1
1505648743,21644970,0.17549,457.85511400,1
1505648693,21644959,0.17538,5061.76511500,1
1505648414,21644766,0.17588,1383.54110000,1
1505648404,21644752,0.17713,67.57367100,0
1505648177,21644604,0.17679,604.40556593,0
1505648039,21644490,0.17697,64.74229185,0
1505647981,21644437,0.17705,263.26217600,0
1505647942,21644398,0.17560,1906.79510200,0
1505647915,21644383,0.17560,2671.75046600,0
1505647901,21644376,0.17560,1011.32686100,0
1505647660,21644286,0.17560,5900.49679000,0
1505647660,21644285,0.17559,1534.68171000,0
1505647658,21644284,0.17559,822.32258100,0
1505647601,21644265,0.17560,3509.63078100,0
1505647337,21644048,0.17505,56.10169500,1
1505647180,21643889,0.17707,9093.01344040,0
1505647180,21643888,0.17707,85.78709000,0
1505647180,21643887,0.17697,316.97385000,0
1505647035,21643822,0.17500,1777.72441800,0
1505646987,21643789,0.17500,12222.27558200,0
1505646987,21643788,0.17497,1777.72441800,0
1505646987,21643786,0.17497,2272.18639200,0
1505646985,21643780,0.17498,1775.50502900,0
1505646896,21643746,0.17498,5545.37090800,0
1505646895,21643745,0.17498,5701.86952400,0
1505646676,21643591,0.17493,305.55036067,0
1505646603,21643567,0.17489,68.44302100,0
1505646302,21643288,0.17310,224.68023099,0
1505646301,21643286,0.17400,29050.00000000,1
1505646301,21643285,0.17400,300.00000000,1
1505646301,21643284,0.17400,68.02816901,1
1505646301,21643283,0.17401,2633.78764000,0
1505646300,21643282,0.17401,7885.79857000,0
1505646299,21643281,0.17401,2905.71149000,1
1505646299,21643280,0.17408,1931.99390000,1
1505646264,21643256,0.17403,16.35992400,1
1505646264,21643254,0.17410,40.00000000,1
1505646222,21643230,0.17434,9495.77438040,1
1505645986,21643141,0.17428,14.21291000,1
1505645984,21643139,0.17459,85.78709000,1
1505645954,21643128,0.17514,381.06454000,0
1505645954,21643127,0.17513,618.93546000,0
1505645945,21643122,0.17513,3959.00000000,0
1505645862,21643090,0.17545,454.00000000,0
1505645844,21643087,0.17543,1217.00000000,0
1505645222,21642577,0.17598,262.78262800,0
1505644803,21642331,0.17700,67.62711900,0
1505644662,21642299,0.17700,140.00000000,0
1505643891,21641769,0.17796,395.16846482,0
1505643794,21641706,0.17717,3896.11282949,0
1505643738,21641672,0.17604,56.26062300,1
1505643656,21641602,0.17728,1217.17903000,0
1505643637,21641579,0.17740,1539.99870000,0
1505643624,21641564,0.17753,28.13327325,0
1505643601,21641470,0.17710,912.27116000,1
1505643410,21641348,0.17755,28.13010420,0
1505643298,21641156,0.17737,912.27116000,0
1505643251,21641103,0.17700,100.00000000,1
1505643250,21641101,0.17767,986.89556000,0
1505643019,21640977,0.17811,28.04165965,0
1505643018,21640975,0.17780,182.06856018,1
1505643014,21640966,0.17810,182.06868000,0
1505643007,21640962,0.17807,67.22075600,0
1505642998,21640949,0.17808,28.04638365,0
1505642977,21640920,0.17780,1402.69348680,1
1505642753,21640732,0.17756,3286.75522000,0
1505642750,21640731,0.17757,3522.06708785,0
1505642660,21640638,0.17598,56.10169500,1
1505642645,21640607,0.17659,654.99638615,1
1505642645,21640605,0.17661,470.08755547,1
1505642644,21640604,0.17755,0.00000438,1
1505642631,21640585,0.17755,134.70497562,0
1505642619,21640567,0.17755,1260.29171219,0
1505642619,21640566,0.17755,1354.99668781,0
1505642619,21640563,0.17754,134.70498000,0
1505642616,21640549,0.17754,134.70498000,1
1505642580,21640464,0.17753,1378.70470000,1
1505642565,21640411,0.17751,185.41728000,0
1505642499,21640324,0.17744,221.75539000,0
1505642488,21640302,0.17744,80.84170314,1
1505642487,21640301,0.17744,985.09607864,1
1505642487,21640300,0.17744,0.00000283,1
1505642473,21640286,0.17744,139.79972000,0
1505642473,21640285,0.17744,916.70389717,0
1505642460,21640271,0.17744,0.00000274,1
1505642460,21640267,0.17744,1693.05002726,0
1505642449,21640245,0.17744,9.12109200,1
1505642447,21640236,0.17744,856.35845800,1
1505642431,21640187,0.17744,151.78025640,0
1505642426,21640179,0.17612,318.00000000,1
1505642275,21640044,0.17621,809.79194630,1
1505642259,21640027,0.17619,1385.12435100,0
1505642247,21640019,0.17617,1406.87059424,1
1505642245,21640016,0.17617,8116.99994324,1
1505642236,21639993,0.17732,2544.39124000,0
1505642223,21639953,0.17736,566.73731000,0
1505642211,21639899,0.17736,250.36029000,0
1505642131,21639660,0.17752,273.28310000,1
1505642116,21639605,0.17751,1094.22828658,0
1505642113,21639589,0.17751,1094.22833000,1
1505642065,21639463,0.17754,362.86035000,0
1505642051,21639448,0.17754,82.81750000,0
1505642037,21639412,0.17753,1463.06684000,0
1505642026,21639375,0.17755,40.00000000,0
1505642024,21639370,0.17755,1394.99656435,1
1505642022,21639356,0.17813,272.71375061,1
1505642021,21639353,0.17813,1824.26899100,1
1505642021,21639351,0.17813,1932.75700000,1
1505642021,21639350,0.17813,730.23230261,1
1505642020,21639349,0.17813,9472.35013756,1
1505642019,21639346,0.17813,1186.71277900,1
1505642019,21639345,0.17813,2516.96593400,1
1505642019,21639344,0.17813,661.67473000,1
1505642018,21639343,0.17813,2112.52675585,1
1505642017,21639338,0.17813,1787.51553631,1
1505642017,21639335,0.17810,40.00000000,0
1505642017,21639334,0.17782,659.00000000,0
1505642017,21639333,0.17770,28844.00000000,0
1505642017,21639332,0.17739,1000.00000000,0
1505642016,21639331,0.17737,335.71305000,0
1505642016,21639330,0.17710,40.00000000,0
1505642016,21639329,0.17707,85.15482000,0
1505642016,21639328,0.17690,6370.99878612,0
1505642012,21639323,0.17690,437.48716000,0
1505641998,21639272,0.17690,819.00269000,0
1505641986,21639218,0.17690,1465.37963388,0
1505641986,21639217,0.17689,579.72737612,0
1505641985,21639212,0.17689,800.12236949,0
1505641985,21639211,0.17689,1379.44620951,0
1505641972,21639190,0.17690,907.13173000,0
1505641960,21639171,0.17689,2172.27185000,0
1505641957,21639154,0.17602,2047.28769291,1
1505641954,21639137,0.17689,2047.28772000,0
1505641909,21638989,0.17610,40.00000000,0
1505641898,21638954,0.17608,1676.14350000,0
1505641897,21638953,0.17571,104.34639000,0
1505641897,21638952,0.17570,50.00000000,0
1505641897,21638946,0.17566,25031.93845888,0
1505641896,21638939,0.17566,421.51734779,0
1505641894,21638914,0.17566,1927.25765508,0
1505641893,21638909,0.17566,2112.99948000,0
1505641880,21638861,0.17566,2112.99948000,0
1505641879,21638857,0.17566,9495.77438040,0
1505641878,21638852,0.17566,1462.24183820,0
1505641878,21638846,0.17566,634.47250141,0
1505641878,21638841,0.17566,28413.08410900,0
1505641874,21638790,0.17566,3736.36260000,0
1505641873,21638780,0.17566,12229.47342900,0
1505641867,21638758,0.17566,1761.42003000,0
1505641866,21638755,0.17566,3396.20030500,0
1505641854,21638715,0.17566,1761.42003000,0
1505641852,21638709,0.17566,10044.17625000,0
1505641849,21638697,0.17566,421.42744545,0
1505641849,21638696,0.17566,299.18962700,0
1505641845,21638681,0.17566,1098.29576800,0
1505641844,21638678,0.17566,781.65025500,0
1505641844,21638677,0.17566,4987.50000000,0
1505641823,21638625,0.17566,3559.53282900,0
1505641823,21638624,0.17566,11187.28198600,0
1505641814,21638612,0.17566,1910.95054000,0
1505641802,21638575,0.17566,16901.76747400,0
1505641802,21638574,0.17565,10393.19398000,0
1505641741,21638468,0.17459,270.86340000,1
1505641741,21638467,0.17459,2229.13660000,1
1505641687,21638445,0.17564,2936.22231900,1
1505641665,21638434,0.17564,764.48199000,1
1505641548,21638337,0.17564,1539.79555000,1
1505641548,21638336,0.17564,1460.20445000,1
1505641535,21638319,0.17564,1989.14955000,1
1505641531,21638311,0.17564,2363.34600000,0
1505641444,21638229,0.17443,10069.13689516,1
1505641204,21638031,0.17566,68.14300400,0
1505641098,21637921,0.17566,11215.64549698,0
1505640541,21637390,0.17557,144.16172300,0
1505640469,21637261,0.17563,28.43762455,0
1505640396,21637159,0.17465,5809.78774495,0
1505640396,21637158,0.17465,0.40992731,0
1505640392,21637141,0.17465,136.29490269,0
1505640392,21637140,0.17465,683.52416000,0
1505640386,21637129,0.17466,1291.00715487,0
1505640386,21637128,0.17466,0.50602590,0
1505640379,21637119,0.17466,843.25205410,0
1505640379,21637118,0.17465,168.75162000,0
1505640268,21637028,0.17468,1400.29640000,1
1505640138,21636960,0.17451,56.26062300,1
1505639639,21636676,0.17528,190.89228000,0
1505639639,21636674,0.17528,954.46140000,0
1505639621,21636656,0.17530,102.86511000,0
1505639621,21636655,0.17530,197.13489000,0
1505639405,21636396,0.17544,68.22845400,0
1505639399,21636392,0.17544,545.83099635,0
1505639350,21636333,0.17547,28.46355502,0
1505639349,21636331,0.17547,28.46355502,0
1505639082,21636058,0.17510,40.00000000,0
1505639068,21636024,0.17507,577.69342612,0
1505639055,21636004,0.17502,37.72836000,0
1505639055,21636003,0.17500,56.26062300,1
1505639044,21635987,0.17502,1365.27164000,0
1505639028,21635962,0.17500,522.72329280,0
1505639025,21635956,0.17500,1147.25755000,0
1505639014,21635946,0.17500,211.26013927,0
1505638998,21635921,0.17500,421.10802341,0
1505638993,21635911,0.17500,421.04117797,0
1505638984,21635891,0.17500,4056.99160900,0
1505638984,21635890,0.17500,2000.00000000,0
1505638971,21635869,0.17495,7942.71391000,0
1505638943,21635847,0.17489,1793.20678500,0
1505638943,21635846,0.17488,1081.26614000,0
1505638943,21635845,0.17459,85.27070000,0
1505638828,21635728,0.17445,84.53678000,0
1505638828,21635727,0.17445,51.39587905,0
1505638828,21635726,0.17441,774.22758179,0
1505638721,21635577,0.17441,383.42312000,0
1505638721,21635576,0.17440,133.50788000,0
1505638664,21635504,0.17355,1600.00000000,1
1505638570,21635325,0.17441,28.63654607,0
1505638568,21635324,0.17441,28.63654607,0
1505638567,21635322,0.17441,28.63654607,0
1505638519,21635303,0.17317,2743.45110000,1
1505638519,21635302,0.17318,2256.54890000,1
1505638467,21635271,0.17304,2008.57932425,0
1505638466,21635269,0.17304,7269.71400000,1
1505638439,21635197,0.17441,156.08966000,1
1505638399,21635159,0.17397,422.38805200,1
1505638392,21635117,0.17397,422.38810000,0
1505638336,21635051,0.17445,6322.62803095,0
1505638335,21635050,0.17444,57.27663431,0
1505638335,21635049,0.17443,225.72951000,0
1505638335,21635048,0.17400,10800.00000000,0
1505638333,21635045,0.17397,1128.64756000,0
1505638209,21634913,0.17398,422.38811000,0
1505637924,21634355,0.17361,2108.00000000,1
1505637908,21634315,0.17395,1417.51750000,0
1505637803,21634104,0.17243,2473.62969000,1
1505637798,21634089,0.17362,1903.73486000,0
1505637748,21633917,0.17339,2465.37065000,0
1505637747,21633913,0.17339,329.72704337,0
1505637665,21633644,0.17300,1378.00000000,1
1505637641,21633473,0.17296,1378.00000000,0
1505637603,21633293,0.17296,69.19875100,0
1505637600,21633272,0.17201,957.15542000,1
1505637597,21633248,0.17298,4111.81000000,0
1505637546,21632775,0.17307,664.05237589,0
1505637532,21632650,0.17312,3468.68501617,0
1505637399,21632211,0.17202,438.31803200,1
1505637394,21632204,0.17259,4731.05430521,1
1505637274,21632079,0.17375,28.74532374,0
1505637273,21632076,0.17260,1116.12119468,1
1505637270,21632072,0.17376,28.74201531,0
1505637268,21632069,0.17259,886.71167400,1
1505637268,21632067,0.17259,185.66144994,1
1505637267,21632065,0.17260,11870.86564312,1
1505637267,21632064,0.17260,4763.72943600,1
1505637264,21632054,0.17259,14196.57257085,1
1505637236,21632018,0.17259,1765.55872298,0
1505637236,21632017,0.17259,734.44127702,0
1505637186,21632000,0.17267,28.92344221,0
1505637186,21631999,0.17268,28.92344221,0
1505637185,21631997,0.17268,6.44539031,1
1505637183,21631995,0.17200,22.56693594,0
1505637182,21631994,0.17200,29.03779070,0
1505637182,21631993,0.17200,29.03779070,0
1505637180,21631982,0.17200,29.03779070,0
1505637180,21631981,0.17200,29.03779070,0
1505637179,21631980,0.17200,29.03779070,0
1505637178,21631976,0.17200,29.03779070,0
1505637174,21631971,0.17200,29.03779070,0
1505637173,21631970,0.17200,29.03779070,0
1505637171,21631969,0.17153,1416.41859958,1
1505637171,21631968,0.17154,0.04825242,1
1505637167,21631966,0.17154,2462.69091758,1
1505637167,21631963,0.17200,1500.00000000,0
1505637123,21631929,0.17199,29.03947904,0
1505637118,21631923,0.17125,1437.73850000,1
1505637117,21631917,0.17200,0.05813953,1
1505637053,21631872,0.17331,518.00565461,0
1505637029,21631861,0.17343,28.79836245,0
1505637007,21631851,0.17230,1361.77400000,1
1505637007,21631850,0.17230,1447.22600000,1
1505637007,21631849,0.17230,2191.00000000,0
1505636988,21631821,0.17211,1310.93854000,0
1505636988,21631820,0.17209,1450.44800000,0
1505636987,21631819,0.17207,7238.61346000,0
1505636920,21631780,0.17200,203.43023256,1
1505636879,21631745,0.17215,10000.00000000,0
1505636760,21631614,0.17149,3836.99810000,1
1505636760,21631613,0.17221,211.91555157,1
1505636635,21631323,0.17209,248.19111865,0
1505636635,21631322,0.17209,0.00000100,0
1505636623,21631305,0.17209,135.64625900,1
1505636623,21631303,0.17209,1875.71210000,0
1505636586,21631224,0.17101,56.26062300,1
1505636564,21631205,0.17101,1421.43650000,1
1505636536,21631172,0.17101,1514.98930000,1
1505636490,21631113,0.17170,420.84457641,1
1505636431,21630973,0.17171,541.28660137,1
1505636309,21630864,0.17172,1893.24240000,1
1505636215,21630721,0.17171,15971.74562300,1
1505636213,21630717,0.17171,54194.77880600,1
1505636204,21630706,0.17171,3228.34854100,1
1505636204,21630705,0.17172,23719.07495000,1
1505636204,21630704,0.17182,2022.15050000,1
1505636204,21630703,0.17183,3946.20999000,1
1505635815,21630082,0.17170,4562.42377985,0
1505635815,21630080,0.17170,5102.90090000,0
1505635812,21630078,0.17170,419.03352015,0
1505635805,21630071,0.17170,43653.19800000,1
1505635805,21630070,0.17170,2226.44380000,1
1505635804,21630068,0.17305,69.17076000,0
1505635461,21629758,0.17152,55.94366200,1
1505635451,21629748,0.17150,5893.51034973,1
1505635451,21629747,0.17151,2714.07522000,1
1505635451,21629746,0.17151,3192.47750000,1
1505635441,21629738,0.17296,101.85645600,0
1505635275,21629438,0.17100,3093.06600944,0
1505635275,21629436,0.17100,1417.30240198,0
1505635274,21629434,0.17100,1356.55336543,0
1505635274,21629431,0.17100,5600.30000000,0
1505635273,21629429,0.17100,5600.30000000,0
1505635273,21629428,0.17100,540.66163457,0
1505635272,21629427,0.17100,500.00000000,1
1505635272,21629426,0.17100,1006.98170000,1
1505635272,21629425,0.17100,4000.00000000,1
1505635272,21629424,0.17100,160.00000000,1
1505635272,21629423,0.17100,14362.37184759,1
1505635272,21629422,0.17108,854.90933503,1
1505635272,21629420,0.17108,2095.45916777,1
1505635272,21629418,0.17108,8283.23783819,1
1505635272,21629417,0.17110,342.74714000,1
1505635271,21629416,0.17110,1720.13356000,1
1505635271,21629415,0.17111,69065.97600000,1
1505635258,21629379,0.17107,1461.74947074,1
1505635257,21629378,0.17108,6258.28459000,0
1505635257,21629377,0.17108,563.20383926,0
1505635256,21629374,0.17108,3244.76210000,1
1505635243,21629343,0.17200,2024.55569988,1
1505635241,21629331,0.17200,5146.63380512,0
1505635241,21629330,0.17200,76399.00000000,0
1505635241,21629329,0.17199,1378.00000000,0
1505635241,21629327,0.17198,1855.88568552,1
1505635241,21629326,0.17198,2137.04805929,1
1505635240,21629322,0.17200,568.06118000,0
1505635239,21629321,0.17200,2834.49452000,0
1505635238,21629320,0.17200,4000.00000000,1
1505635238,21629319,0.17200,213.00000000,1
1505635238,21629318,0.17200,2650.50828488,1
1505635238,21629317,0.17200,1321.24000000,1
1505635238,21629316,0.17228,1448.87280000,1
1505635238,21629314,0.17240,18372.00000000,1
1505635238,21629313,0.17241,2834.65893000,1
1505635238,21629312,0.17241,4211.53048000,1
1505635200,21629217,0.17241,1918.02852000,1
1505635187,21629198,0.17301,2436.63408000,0
1505635187,21629197,0.17300,3563.36592000,0
1505635145,21629113,0.17299,6130.91251483,0
1505635119,21629075,0.17260,23869.08748517,0
1505635072,21629041,0.17260,1226.70906725,1
1505635032,21629012,0.17301,30331.34233000,0
1505635032,21629011,0.17300,4068.35767000,0
1505635032,21629010,0.17299,5600.30000000,0
1505634971,21628940,0.17300,3094.63445000,0
1505634937,21628884,0.17301,6307.19940000,0
1505634937,21628883,0.17300,2107.80000000,0
1505634937,21628882,0.17300,3492.54365000,0
1505634936,21628880,0.17300,2107.75635000,1
1505634935,21628878,0.17300,1892.24365000,1
1505634928,21628870,0.17301,1434.51839200,0
1505634928,21628869,0.17301,5248.17725800,0
1505634928,21628868,0.17301,2892.26586000,0
1505634925,21628861,0.17301,8026.47600000,1
1505634925,21628860,0.17302,1433.28940000,1
1505634925,21628859,0.17302,4148.16311000,1
1505634770,21628684,0.17415,201.68554000,0
1505634751,21628654,0.17431,537.69864000,0
1505634738,21628641,0.17441,207.27493000,0
1505634732,21628635,0.17305,96872.26369600,0
1505634732,21628633,0.17304,1036.37464000,0
1505634687,21628615,0.17304,583.72583000,0
1505634681,21628605,0.17305,235.62117400,0
1505634680,21628604,0.17304,1440.71289000,0
1505634653,21628569,0.17305,1437.40000000,0
1505634652,21628568,0.17305,2801.99097000,0
1505634652,21628567,0.17304,1711.73809000,0
1505634637,21628539,0.17304,533.74822000,0
1505634637,21628538,0.17304,1500.00000000,0
1505634628,21628482,0.17304,1710.00000000,0
1505634608,21628460,0.17304,2738.00000000,0
1505634601,21628454,0.17307,5372.29227000,1
1505634601,21628453,0.17308,11858.72099000,1
1505634601,21628452,0.17308,1421.71090000,1
1505634572,21628432,0.17350,635.00000000,1
1505634572,21628431,0.17356,40.00000000,1
1505634551,21628416,0.17400,804.39437900,1
1505634515,21628380,0.17400,195.60562100,1
1505634438,21628318,0.17443,350.49676088,0
1505634321,21628279,0.17361,1437.29536000,1
1505634242,21628259,0.17443,2577.54660861,0
1505634213,21628245,0.17356,1116.63429749,0
1505634204,21628242,0.17356,1549.24656100,0
1505634175,21628221,0.17356,8020.86066500,0
1505634174,21628220,0.17356,1535.31521500,0
1505634130,21628195,0.17356,47041.65082127,0
1505634130,21628194,0.17355,495.99368000,0
1505634130,21628193,0.17355,919.96925773,0
1505634106,21628176,0.17355,175.40946800,0
1505634070,21628165,0.17355,343.78383700,0
1505634064,21628156,0.17352,275.00000000,1
1505634033,21628131,0.17352,4000.00000000,1
1505634003,21628126,0.17354,68.97147800,0
1505633980,21628108,0.17356,4781.50272500,0
1505633980,21628107,0.17355,218.49727500,0
1505633977,21628106,0.17355,404.22432500,0
1505633962,21628098,0.17356,951.19761000,0
1505633962,21628097,0.17355,739.86724000,0
1505633954,21628093,0.17356,6712.64321000,0
1505633929,21628073,0.17356,809.91584900,0
1505633895,21628066,0.17356,17300.14589000,0
1505633888,21628065,0.17356,10000.00000000,0
1505633845,21628049,0.17356,1494.52547700,0
1505633842,21628048,0.17356,150.00000000,0
1505633839,21628047,0.17355,165.78365000,1
1505633826,21628042,0.17355,196.97068000,1
1505633813,21628041,0.17355,234.02456000,1
1505633800,21628038,0.17355,278.04899000,1
1505633787,21628029,0.17355,330.35523000,1
1505633773,21628025,0.17355,392.50126000,1
1505633769,21628024,0.17356,287.36638626,0
1505633760,21628023,0.17355,466.33814000,1
1505633757,21628019,0.17356,999.50024987,0
1505633757,21628018,0.17356,1001.05202811,0
1505633748,21628011,0.17355,554.06511000,0
1505633708,21627933,0.17356,698.47200000,0
1505633702,21627929,0.17356,2987.74835100,0
1505633702,21627927,0.17355,658.29518000,0
1505633508,21627873,0.17356,1340.25209000,0
1505633506,21627872,0.17356,1602.30290300,0
1505633497,21627866,0.17356,225.49877400,0
1505633497,21627865,0.17355,782.13289000,0
1505633487,21627862,0.17356,6685.94709700,0
1505633485,21627861,0.17356,216.32420000,0
1505633481,21627860,0.17356,2491.89760000,0
1505633383,21627777,0.17443,1000.86567678,0
1505633183,21627711,0.17443,8974.18219343,0
1505632964,21627583,0.17360,111521.73830000,0
1505632964,21627582,0.17359,1147.24296000,0
1505632936,21627577,0.17352,55.94366200,1
1505632924,21627570,0.17359,1363.06095000,0
1505632905,21627561,0.17365,6706.86100000,1
1505632905,21627560,0.17366,1771.40070000,1
1505632806,21627526,0.17359,6726.78779635,0
1505632806,21627524,0.17356,1987.00000000,0
1505632731,21627489,0.17359,3959.42292100,0
1505632731,21627488,0.17359,4480.95271400,0
1505632724,21627486,0.17359,1755.56624100,0
1505632705,21627474,0.17358,285.97781000,0
1505632694,21627440,0.17359,663.28522000,0
1505632683,21627397,0.17359,4216.83276700,0
1505632683,21627396,0.17359,15167.16343100,0
1505632682,21627390,0.17359,4478.69912200,0
1505632682,21627389,0.17359,17511.62071900,0
1505632680,21627387,0.17359,1788.89657700,0
1505632680,21627386,0.17359,2310.19745800,0
1505632680,21627384,0.17359,2689.80254200,0
1505632679,21627377,0.17359,595.75280000,0
1505632678,21627376,0.17358,979.52182600,0
1505632678,21627375,0.17358,978.65537400,0
1505632667,21627369,0.17358,577.50504000,0
1505632654,21627340,0.17359,265.75351065,0
1505632654,21627339,0.17359,493.45507600,0
1505632653,21627336,0.17359,2181.71575500,0
1505632653,21627335,0.17358,2435.18673000,0
1505632639,21627325,0.17359,2097.30962600,0
1505632638,21627324,0.17358,2893.29116000,1
1505632638,21627323,0.17359,1420.68870000,0
1505632637,21627322,0.17359,2835.26944200,0
1505632637,21627321,0.17359,3057.25839300,0
1505632634,21627317,0.17359,1468.53118300,0
1505632630,21627313,0.17359,832.61236000,0
1505632625,21627304,0.17358,2374.38901000,1
1505632625,21627303,0.17358,1063.18465000,1
1505632623,21627298,0.17359,2507.50100300,0
1505632614,21627293,0.17359,104.73750000,0
1505632611,21627291,0.17358,4084.24593000,1
1505632610,21627290,0.17359,979.00000000,0
1505632598,21627287,0.17358,4852.56942000,1
1505632586,21627284,0.17359,4515.55357000,0
1505632584,21627283,0.17359,1438.41692300,0
1505632582,21627282,0.17360,19668.08779000,1
1505632582,21627281,0.17361,4515.55357000,1
1505632582,21627280,0.17362,3623.50319000,1
1505632582,21627279,0.17362,1650.07210000,1
1505632525,21627243,0.17443,3531.60183700,0
1505632381,21627151,0.17318,148.47784400,1
1505632204,21627112,0.17415,68.72595700,0
1505632025,21626936,0.17288,66608.50359000,1
1505632025,21626934,0.17288,12712.33500000,1
1505632025,21626933,0.17288,3465.81580000,1
1505632024,21626932,0.17289,17213.34561000,1
1505631854,21626812,0.17381,55.94366200,1
1505631719,21626744,0.17353,1425.54469985,0
1505631719,21626742,0.17300,38.20456815,0
1505631694,21626711,0.17300,2593.21535763,0
1505631693,21626710,0.17300,1402.01395261,0
1505631692,21626708,0.17300,2400.85464000,0
1505631685,21626687,0.17300,1425.54470000,0
1505631682,21626680,0.17300,1000.00000000,0
1505631681,21626678,0.17300,183.54162500,0
1505631681,21626677,0.17300,3503.00146400,0
1505631680,21626674,0.17300,13804.62125000,0
1505631680,21626673,0.17299,959.64473000,0
1505631680,21626672,0.17299,1892.85584000,0
1505631658,21626650,0.17299,203.50020300,0
1505631657,21626649,0.17299,680.42851700,0
1505631656,21626647,0.17299,203.50020252,0
1505631655,21626646,0.17280,1074.84747948,0
1505631653,21626645,0.17280,799.35608100,0
1505631653,21626644,0.17280,812.29690200,0
1505631653,21626643,0.17280,19622.07509400,0
1505631636,21626630,0.17280,1074.84747900,0
1505631630,21626620,0.17280,1161.81752900,0
1505631624,21626603,0.17280,308.41974700,0
1505631624,21626602,0.17280,2046.37670400,0
1505631623,21626600,0.17279,1306.25097000,1
1505631622,21626597,0.17280,1476.31502535,0
1505631622,21626596,0.17280,13955.84543600,0
1505631622,21626595,0.17279,3021.76929000,0
1505631620,21626581,0.17280,1476.31502535,0
1505631615,21626573,0.17280,2456.30548108,0
1505631615,21626572,0.17279,2776.74610392,0
1505631614,21626564,0.17279,813.47484608,0
1505631614,21626563,0.17260,1227.32246992,0
1505631612,21626558,0.17260,259.01589300,0
1505631611,21626555,0.17260,297.66163708,0
1505631607,21626551,0.17260,203.00000000,0
1505631589,21626527,0.17280,5738.97449800,0
1505631589,21626526,0.17280,2040.85078500,0
1505631589,21626524,0.17279,4265.60904000,0
1505631588,21626523,0.17279,39069.88756900,0
1505631588,21626522,0.17250,214.00000000,0
1505631505,21626475,0.17279,930.11243100,0
1505631484,21626461,0.17279,2000.00000000,0
1505631479,21626452,0.17198,8653.72083700,0
1505631479,21626451,0.17198,5341.82400000,0
1505631479,21626448,0.17100,8085.66528129,1
1505631478,21626443,0.17200,1744.18604651,0
1505631478,21626441,0.17200,316.85510000,0
1505631478,21626440,0.17200,573.68330681,0
1505631478,21626439,0.17200,5600.31225539,0
1505631477,21626435,0.17200,1584.29801000,0
1505631477,21626434,0.17100,6000.00000000,1
1505631476,21626430,0.17100,8060.68085942,1
1505631476,21626429,0.17100,4000.00000000,1
1505631476,21626428,0.17100,50.00000000,1
1505631476,21626427,0.17100,500.00000000,1
1505631476,21626426,0.17100,2000.00000000,1
1505631475,21626425,0.17101,20000.00000000,1
1505631475,21626424,0.17101,84.53678000,1
1505631475,21626423,0.17101,6374.02391000,1
1505631475,21626422,0.17102,57.27663431,1
1505631475,21626421,0.17105,1823.26424000,1
1505631474,21626420,0.17110,30.00000000,1
1505631474,21626419,0.17110,40.00000000,1
1505631474,21626418,0.17110,40.00000000,1
1505631474,21626417,0.17120,19003.17284000,1
1505631473,21626416,0.17120,40.00000000,1
1505631473,21626415,0.17151,20000.00000000,1
1505631473,21626414,0.17200,100.00000000,1
1505631473,21626413,0.17200,300.00000000,1
1505631473,21626412,0.17200,4000.00000000,1
1505631472,21626411,0.17200,17806.40600000,1
1505631472,21626410,0.17200,40.00000000,1
1505631472,21626409,0.17200,2000.00000000,1
1505631472,21626408,0.17201,20000.00000000,1
1505631472,21626407,0.17201,11554.66978664,1
1505631472,21626406,0.17202,357.65244000,1
1505631472,21626405,0.17202,1788.28760000,1
1505631471,21626404,0.17210,40.00000000,1
1505631471,21626403,0.17212,2075.20799442,1
1505631471,21626402,0.17215,85.27070000,1
1505631470,21626401,0.17220,17656.00000000,1
1505631470,21626400,0.17220,40.00000000,1
1505631470,21626399,0.17231,4115.79212000,1
1505631470,21626398,0.17231,2122.20700000,0
1505631469,21626397,0.17232,2440.87010000,1
1505631469,21626396,0.17251,20000.00000000,1
1505631469,21626395,0.17262,579.31551221,1
1505631469,21626394,0.17272,104.34639000,1
1505631468,21626393,0.17278,202.95015300,0
1505631468,21626392,0.17278,1295.06894000,1
1505631458,21626389,0.17280,1184.28903000,0
1505631456,21626388,0.17280,167.55500000,0
1505631448,21626381,0.17280,3248.00000000,0
1505631443,21626378,0.17280,3045.00000000,0
1505631441,21626375,0.17280,208.73230200,0
1505631440,21626374,0.17280,1085.42303600,0
1505631439,21626370,0.17280,203.00000000,0
1505631438,21626369,0.17280,1995.02196400,0
1505631437,21626368,0.17280,3045.00000000,0
1505631432,21626365,0.17280,3248.00000000,0
1505631428,21626364,0.17280,1971.28401000,0
1505631428,21626363,0.17279,1276.71599000,0
1505631426,21626362,0.17279,3030.00000000,0
1505631392,21626346,0.17279,300.00000000,0
1505631372,21626335,0.17280,5507.70824078,0
1505631371,21626333,0.17280,19924.08981313,0
1505631371,21626332,0.17279,4136.70435000,0
1505631366,21626329,0.17290,731.69493911,1
1505631366,21626326,0.17290,390.55839872,1
1505631348,21626298,0.17300,5952.05821800,0
1505631344,21626290,0.17300,100.68112000,0
1505631342,21626286,0.17290,732.06080064,0
1505631340,21626282,0.17290,1122.61919936,0
1505631335,21626275,0.17290,1000.00000000,1
1505631301,21626255,0.17300,1000.00000000,0
1505631280,21626239,0.17300,516.95451800,0
1505631262,21626206,0.17300,80.00000000,0
1505631213,21626176,0.17300,236.00889000,0
1505631213,21626175,0.17300,1179.75621000,0
1505631209,21626167,0.17300,19474.00000000,1
1505631208,21626165,0.17300,7757.52010404,1
1505631208,21626163,0.17300,4000.00000000,1
1505631208,21626161,0.17300,399.80009995,1
1505631208,21626159,0.17307,28531.53236262,1
1505631208,21626158,0.17308,20000.00000000,1
1505631208,21626156,0.17309,296.98267000,1
1505631208,21626154,0.17310,50.00000000,1
1505631208,21626152,0.17310,35.00000000,1
1505631208,21626150,0.17310,40.00000000,1
1505631207,21626148,0.17320,100.00000000,1
1505631207,21626146,0.17321,20000.00000000,1
1505631207,21626143,0.17322,1483.94925000,1
1505631207,21626142,0.17333,1414.75900000,1
1505631207,21626140,0.17350,1000.00000000,1
1505630952,21625895,0.17350,109640.17642100,0
1505630918,21625888,0.17350,223.89985900,0
1505630840,21625831,0.17350,5226.00989000,0
1505630839,21625830,0.17349,4097.41172000,0
1505630839,21625829,0.17349,3676.57839000,0
1505630823,21625818,0.17349,500.00000000,0
1505630769,21625799,0.17350,4009.71510800,0
1505630767,21625796,0.17350,1655.07875900,0
1505630767,21625795,0.17350,4312.57160300,0
1505630764,21625793,0.17350,1635.44006000,0
1505630764,21625792,0.17350,1000.00000000,1
1505630763,21625791,0.17357,2297.10830000,1
1505630720,21625784,0.17360,1000.00000000,0
1505630697,21625773,0.17360,901.67000000,0
1505630671,21625720,0.17360,100.00000000,0
1505630664,21625687,0.17360,1495.73587000,0
1505630652,21625594,0.17360,80.03594600,0
1505630651,21625591,0.17360,1995.22393181,0
1505630651,21625584,0.17360,256.45573168,0
1505630649,21625580,0.17360,6394.53790322,0
1505630647,21625571,0.17360,5962.06913824,0
1505630646,21625570,0.17360,5965.05012127,0
1505630646,21625567,0.17360,2247.29405900,0
1505630646,21625566,0.17360,2160.62390200,0
1505630645,21625565,0.17360,811.16796000,0
1505630645,21625564,0.17360,1597.19300000,0
1505630637,21625561,0.17355,7190.16788040,1
1505630637,21625560,0.17360,100.00000000,1
1505630637,21625559,0.17363,2205.60650000,1
1505630636,21625558,0.17399,1406.69004000,0
1505630581,21625516,0.17399,2018.19616200,0
1505630580,21625515,0.17399,11519.19854300,0
1505630565,21625507,0.17399,1707.36517200,0
1505630560,21625505,0.17399,2965.14282800,0
1505630555,21625504,0.17399,8629.65360900,0
1505630534,21625489,0.17399,197.35478585,0
1505630533,21625487,0.17399,1412.95817635,0
1505630528,21625463,0.17399,1441.51469900,0
1505630527,21625462,0.17399,2691.85650000,0
1505630525,21625460,0.17399,1912.25979700,0
1505630525,21625459,0.17399,1786.65303900,0
1505630525,21625458,0.17399,2133.34696100,0
1505630525,21625457,0.17399,538.82191810,0
1505630523,21625453,0.17399,1373.58490600,0
1505630523,21625451,0.17399,531.26948471,0
1505630523,21625449,0.17399,9491.02884042,0
1505630522,21625447,0.17399,29858.30134600,0
1505630522,21625446,0.17399,1344.46549400,0
1505630521,21625444,0.17399,1390.92940000,0
1505630520,21625443,0.17399,13254.53500000,0
1505630520,21625442,0.17399,1626.33612000,0
1505630520,21625441,0.17399,2124.05619800,0
1505630519,21625439,0.17399,573.59848000,0
1505630519,21625437,0.17399,1724.23702512,0
1505630518,21625435,0.17399,481.34169947,0
1505630518,21625433,0.17400,100.00000000,1
1505630518,21625431,0.17414,701.19361000,1
1505630518,21625430,0.17414,3513.47786000,1
1505630517,21625429,0.17415,16812.63883000,1
1505630517,21625428,0.17500,100.00000000,1
1505630517,21625427,0.17501,2934.08424421,1
1505630517,21625426,0.17502,1403.23410000,1
1505630505,21625419,0.17618,7410.02197040,0
1505630505,21625418,0.17611,1989.87750000,0
1505630505,21625417,0.17610,95.87491000,0
1505630496,21625414,0.17403,4000.00000000,1
1505630469,21625406,0.17372,3900.00000000,1
1505630469,21625405,0.17419,100.00000000,1
1505630444,21625388,0.17419,200.00000000,0
1505630441,21625386,0.17401,584.00000000,1
1505630431,21625371,0.17400,30517.11580295,0
1505630431,21625370,0.17400,202.00000000,0
1505630430,21625369,0.17400,2770.77900000,0
1505630428,21625368,0.17400,3030.00000000,0
1505630427,21625367,0.17400,3232.00000000,0
1505630421,21625362,0.17400,1000.00000000,0
1505630420,21625356,0.17400,202.00000000,0
1505630418,21625355,0.17400,3030.00000000,0
1505630415,21625352,0.17400,202.00000000,0
1505630411,21625349,0.17400,202.00000000,0
1505630410,21625348,0.17400,2060.12726500,0
1505630409,21625346,0.17400,3030.00000000,0
1505630404,21625338,0.17400,3434.00000000,0
1505630404,21625337,0.17400,68.79310300,0
1505630403,21625336,0.17400,4403.80985779,0
1505630403,21625335,0.17385,1842.19014221,0
1505630401,21625334,0.17399,509.80985779,1
1505630400,21625333,0.17399,152.60253000,1
1505630371,21625327,0.17400,20000.00000000,0
1505630371,21625326,0.17400,3030.00000000,0
1505630366,21625323,0.17400,3030.00000000,0
1505630365,21625322,0.17400,202.00000000,0
1505630361,21625320,0.17400,3045.00000000,0
1505630360,21625319,0.17400,203.00000000,0
1505630355,21625314,0.17400,1419.39231262,0
1505630349,21625306,0.17400,1227.35876100,0
1505630344,21625300,0.17400,3045.00000000,0
1505630343,21625299,0.17400,2650.63114900,0
1505630339,21625297,0.17400,203.00000000,0
1505630335,21625288,0.17400,3030.00000000,0
1505630334,21625287,0.17400,202.00000000,0
1505630332,21625283,0.17400,4590.60459900,0
1505630329,21625276,0.17400,3217.00000000,0
1505630327,21625275,0.17400,3232.00000000,0
1505630325,21625274,0.17400,1227.35876100,0
1505630319,21625268,0.17400,3232.00000000,0
1505630318,21625266,0.17400,3232.00000000,0
1505630315,21625262,0.17400,4215.75658700,0
1505630310,21625255,0.17400,3232.00000000,0
1505630306,21625254,0.17400,4590.60459800,0
1505630304,21625253,0.17400,4215.75658700,0
1505630289,21625240,0.17399,239.01607000,1
1505630285,21625239,0.17400,6039.78796000,0
1505630275,21625238,0.17399,283.97949000,1
1505630262,21625233,0.17399,337.40137000,1
1505630253,21625230,0.17400,100.00000000,0
1505630249,21625229,0.17399,400.87292000,1
1505630236,21625227,0.17399,476.28465000,1
1505630222,21625222,0.17399,907.20886000,1
1505630222,21625218,0.17399,0.00000500,0
1505630221,21625216,0.17399,907.20885500,0
1505630221,21625215,0.17399,907.20886000,0
1505630189,21625201,0.17400,100.00000000,1
1505630189,21625199,0.17401,103.12365664,1
1505630181,21625197,0.17430,921.62467000,0
1505630181,21625196,0.17429,1077.87192000,0
1505630156,21625184,0.17429,240.41398000,1
1505630155,21625177,0.17430,1482.62596400,0
1505630145,21625171,0.17430,3682.11870338,0
1505630145,21625169,0.17429,1325.86629000,0
1505630107,21625153,0.17429,888.40400000,0
1505630103,21625150,0.17430,382.37755800,0
1505630103,21625149,0.17429,1742.41219000,0
1505630063,21625136,0.17429,1144.70149750,0
1505630061,21625135,0.17429,322.90928800,0
1505630050,21625126,0.17429,583.29585300,0
1505630044,21625116,0.17429,1698.98542800,0
1505630037,21625108,0.17430,2387.13419300,0
1505630037,21625107,0.17429,650.22958000,0
1505630034,21625096,0.17430,6384.62406500,0
1505630033,21625090,0.17429,16376.62491500,0
1505630029,21625071,0.17430,7136.27800000,0
1505630029,21625070,0.17430,2125.36394000,0
1505630028,21625069,0.17436,3568.47462000,1
1505630028,21625068,0.17437,2876.90560000,1
1505630014,21625046,0.17536,643.18248600,0
1505629991,21625042,0.17450,2600.00000000,0
1505629988,21625039,0.17450,100.00000000,1
1505629664,21624952,0.17587,202.00000000,0
1505629353,21624808,0.17400,7.95663509,0
1505629353,21624807,0.17340,25054.38264770,0
1505629353,21624806,0.17339,3924.95517892,0
1505629351,21624800,0.17339,230.95022108,1
1505629351,21624799,0.17340,3813.00000000,0
1505629350,21624798,0.17340,383.54387828,0
1505629344,21624778,0.17339,594.43315773,0
1505629344,21624776,0.17339,585.16161901,0
1505629341,21624767,0.17311,15.94366200,1
1505629340,21624764,0.17320,40.00000000,1
1505629339,21624762,0.17339,2262.77814000,0
1505629339,21624761,0.17339,577.29247627,0
1505629338,21624758,0.17339,918.04399699,0
1505629336,21624756,0.17340,5151.17180500,0
1505629336,21624755,0.17340,9333.02820000,0
1505629335,21624754,0.17340,3093.52941200,0
1505629335,21624753,0.17340,3809.32800000,0
1505629333,21624751,0.17340,4000.00000000,0
1505629333,21624750,0.17340,1816.85734063,0
1505629332,21624749,0.17340,1595.60766400,0
1505629332,21624748,0.17340,2812.10715200,0
1505629332,21624747,0.17340,1967.20260300,0
1505629332,21624746,0.17340,1544.74102100,0
1505629332,21624745,0.17340,1488.96563500,0
1505629331,21624743,0.17340,2276.29574800,0
1505629331,21624741,0.17340,813.68345900,0
1505629331,21624740,0.17340,3023.09596300,0
1505629331,21624739,0.17340,10486.59121600,0
1505629331,21624738,0.17340,1558.18852400,0
1505629330,21624737,0.17340,2210.33650800,0
1505629330,21624736,0.17340,3521.35803100,0
1505629329,21624733,0.17340,545.41087007,0
1505629328,21624730,0.17343,2045.00000000,1
1505629328,21624729,0.17398,6238.31072232,1
1505629328,21624728,0.17399,1418.26360000,1
1505629323,21624725,0.17400,184.36444179,0
1505629317,21624715,0.17400,1809.05160353,0
1505629314,21624699,0.17400,4000.00000000,0
1505629312,21624695,0.17400,2314.78704000,0
1505629305,21624682,0.17400,20579.88433000,0
1505629301,21624680,0.17400,1567.66096400,0
1505629301,21624678,0.17400,1807.79838779,0
1505629300,21624676,0.17400,1177.77796600,0
1505629300,21624675,0.17400,1224.43154800,0
1505629300,21624674,0.17400,1177.77796600,0
1505629300,21624673,0.17400,1005.21692800,0
1505629299,21624672,0.17400,1602.75629300,0
1505629299,21624671,0.17400,5625.19291600,0
1505629299,21624670,0.17400,4966.66104100,0
1505629298,21624669,0.17400,5361.56133200,0
1505629298,21624668,0.17400,3524.16999000,0
1505629298,21624667,0.17400,6267.27228900,0
1505629298,21624666,0.17400,853.03447000,0
1505629297,21624665,0.17400,6327.73900000,0
1505629297,21624664,0.17400,1005.21692700,0
1505629297,21624663,0.17400,5736.70800000,0
1505629297,21624662,0.17400,1224.43154900,0
1505629296,21624660,0.17400,2299.50000000,0
1505629296,21624659,0.17400,1175.85216100,0
1505629296,21624658,0.17400,1611.09861500,0
1505629296,21624657,0.17400,1547.10670200,0
1505629295,21624645,0.17400,1724.13793103,0
1505629294,21624642,0.17400,597.23581035,0
1505629294,21624639,0.17401,718.06789000,1
1505629294,21624638,0.17466,3924.20176342,1
1505629294,21624637,0.17468,3471.43510000,1
1505629294,21624636,0.17468,3579.91241000,1
1505629290,21624634,0.17523,2046.79493400,0
1505629287,21624630,0.17523,152.60253300,0
1505629201,21624605,0.17478,696.37484000,1
1505628929,21624499,0.17441,1486.93789707,0
1505628926,21624493,0.17441,1000.74578418,0
1505628921,21624491,0.17441,5448.41230200,0
1505628921,21624490,0.17441,1000.57192675,0
1505628918,21624488,0.17441,1171.26200000,0
1505628917,21624487,0.17441,3392.81279000,1
1505628917,21624486,0.17441,1723.25730000,1
1505628795,21624449,0.17458,850.58351473,0
1505628713,21624431,0.17458,149.41648527,0
1505628681,21624426,0.17398,3732.78368219,1
1505628681,21624425,0.17398,922.52000918,1
1505628681,21624424,0.17399,2691.30320000,1
1505628680,21624423,0.17400,875.80080903,1
1505628680,21624422,0.17401,1273.36668000,1
1505628617,21624401,0.17469,926.82579000,0
1505628616,21624397,0.17468,149.78639601,0
1505628608,21624383,0.17468,68.52138100,0
1505628592,21624359,0.17469,149.32239967,0
1505628434,21624333,0.17457,1000.00000000,1
1505628280,21624242,0.17523,1030.67820000,0
1505628274,21624241,0.17419,3918.02065160,0
1505628274,21624240,0.17419,2622.80860000,1
1505628258,21624238,0.17416,55.94366200,1
1505628203,21624212,0.17469,838.41130900,0
1505628160,21624207,0.17479,148.00000000,0
1505628086,21624196,0.17470,669.21384978,1
1505628043,21624188,0.17473,38.41467325,1
1505628000,21624180,0.17477,229.25806000,1
1505627922,21624143,0.17625,520.57023600,0
1505627922,21624142,0.17624,1401.42470000,0
1505627837,21624127,0.17591,202.00000000,0
1505627813,21624119,0.17470,669.21384978,0
1505627803,21624114,0.17470,922.20792100,0
1505627799,21624111,0.17470,580.07304711,0
1505627782,21624091,0.17470,17848.74116100,0
1505627775,21624089,0.17470,2171.49481800,0
1505627757,21624075,0.17470,1573.10544300,0
1505627757,21624074,0.17469,2287.73869000,0
1505627752,21624066,0.17470,1783.07949200,0
1505627752,21624065,0.17470,12496.17404700,0
1505627752,21624064,0.17469,351.73011500,0
1505627742,21624054,0.17469,2366.37526500,0
1505627734,21624041,0.17470,3481.01764700,0
1505627734,21624040,0.17470,1897.55605800,0
1505627733,21624039,0.17470,11630.42905600,0
1505627733,21624038,0.17470,6174.54367700,0
1505627733,21624037,0.17470,4389.45821400,0
1505627733,21624036,0.17470,10822.81524200,0
1505627731,21624034,0.17470,12333.28292000,0
1505627731,21624033,0.17470,20350.00000000,1
1505627731,21624032,0.17483,4278.28767000,1
1505627731,21624031,0.17484,3021.84020000,1
1505627585,21623941,0.17504,1117.00000000,0
1505627497,21623900,0.17580,2239.21266500,0
1505627487,21623895,0.17580,29.75920154,0
1505627478,21623887,0.17579,681.22414000,0
1505627478,21623885,0.17577,3406.12072000,0
1505627442,21623876,0.17401,11603.16824000,1
1505627442,21623875,0.17451,30000.00000000,1
1505627442,21623874,0.17452,949.42795000,1
1505627442,21623873,0.17490,20108.00000000,1
1505627442,21623872,0.17497,30000.00000000,1
1505627442,21623871,0.17501,4738.46971000,1
1505627442,21623870,0.17503,2600.93410000,1
1505627426,21623868,0.17500,764.80899995,0
1505627399,21623851,0.17500,1106.22700000,0
1505627379,21623841,0.17500,6396.06625900,0
1505627369,21623838,0.17500,814.27000000,0
1505627366,21623833,0.17500,1056.76600000,0
1505627353,21623830,0.17497,964.00300000,1
1505627350,21623829,0.17498,565.52942340,0
1505627345,21623826,0.17498,2499.47922600,0
1505627320,21623803,0.17400,4239.26251719,0
1505627319,21623801,0.17399,2970.01140000,0
1505627317,21623797,0.17400,873.86068585,0
1505627316,21623794,0.17400,8014.05893900,0
1505627316,21623793,0.17400,2124.07932000,0
1505627315,21623792,0.17400,56720.93596800,0
1505627315,21623790,0.17400,5775.79809900,0
1505627315,21623789,0.17400,13727.54683800,0
1505627315,21623788,0.17400,6018.38083600,0
1505627314,21623781,0.17400,559.35947696,0
1505627313,21623775,0.17498,1946.71732000,1
1505627313,21623772,0.17498,5877.93800000,1
1505627308,21623769,0.17497,875.48208000,0
1505627308,21623768,0.17497,4377.41041000,0
1505627305,21623765,0.17498,4507.86586745,0
1505627305,21623763,0.17400,1164.61681255,0
1505627304,21623762,0.17400,10138.13825900,0
1505627304,21623759,0.17400,871.74407397,0
1505627298,21623745,0.17400,868.39601853,0
1505627297,21623732,0.17400,570.17964702,0
1505627293,21623725,0.17400,867.00339193,0
1505627292,21623720,0.17400,601.89683776,0
1505627289,21623706,0.17400,1805.72281609,0
1505627284,21623695,0.17400,598.22590455,0
1505627281,21623688,0.17400,21353.41187000,0
1505627281,21623687,0.17400,5406.14622400,0
1505627280,21623685,0.17399,1540.71117000,0
1505627279,21623672,0.17398,16350.07087905,0
1505627277,21623661,0.17400,594.48823081,0
1505627277,21623659,0.17400,1402.56823199,0
1505627276,21623656,0.17400,1952.02950249,0
1505627276,21623654,0.17400,1915.05298700,0
1505627275,21623650,0.17400,1784.20195303,0
1505627275,21623649,0.17400,1120.33300000,0
1505627275,21623646,0.17400,1210.87472200,0
1505627275,21623645,0.17400,5579.38508900,0
1505627275,21623644,0.17400,5293.58167100,0
1505627275,21623643,0.17400,10138.13825900,0
1505627274,21623642,0.17400,6188.96579600,0
1505627274,21623638,0.17400,1131.64045203,0
1505627273,21623636,0.17400,596.53612725,0
1505627272,21623634,0.17400,4000.00000000,1
1505627272,21623633,0.17400,29.00000000,1
1505627272,21623632,0.17400,3536.99010300,1
1505627272,21623630,0.17410,40.00000000,1
1505627272,21623629,0.17420,40.00000000,1
1505627272,21623628,0.17450,7050.00000000,1
1505627272,21623627,0.17459,85.15482000,1
1505627271,21623626,0.17470,20666.00000000,1
1505627271,21623624,0.17471,1399.57720000,1
1505627270,21623619,0.17500,1783.58687318,0
1505627264,21623597,0.17500,1782.15484669,0
1505627262,21623585,0.17500,1395.89783580,0
1505627260,21623579,0.17500,1395.74557923,0
1505627259,21623578,0.17500,1652.46342668,0
1505627259,21623577,0.17500,25624.37318900,0
1505627259,21623575,0.17500,1098.16700000,0
1505627258,21623573,0.17500,5853.41614906,0
1505627258,21623572,0.17500,921.57539500,0
1505627257,21623568,0.17500,2115.13809200,0
1505627257,21623567,0.17500,6163.74109400,0
1505627257,21623565,0.17500,597.35615749,0
1505627256,21623563,0.17500,1395.67176749,0
1505627255,21623562,0.17500,4934.10585400,0
1505627255,21623561,0.17500,2115.13809200,0
1505627255,21623558,0.17500,1969.49017400,0
1505627254,21623557,0.17500,7621.46603700,0
1505627254,21623556,0.17500,1065.89581300,0
1505627254,21623555,0.17500,1395.98954601,0
1505627253,21623554,0.17500,1078.54000000,0
1505627253,21623553,0.17500,9780.39473200,0
1505627253,21623552,0.17500,894.07600000,0
1505627252,21623549,0.17500,13203.62400000,0
1505627252,21623548,0.17500,577.60619320,0
1505627251,21623544,0.17500,884.95339422,1
1505627251,21623542,0.17500,1310.25360000,1
1505627251,21623541,0.17547,9856.49900000,1
1505627251,21623540,0.17547,1394.54190000,1
1505626803,21623315,0.17610,67.74193500,0
1505626580,21623237,0.17500,4690.23389000,1
1505626578,21623235,0.17500,17310.87104633,0
1505626578,21623234,0.17500,1580.45708700,0
1505626578,21623232,0.17500,10966.89681200,0
1505626578,21623231,0.17500,1940.51251100,0
1505626577,21623228,0.17500,583.33413663,0
1505626577,21623226,0.17500,1127.22124651,0
1505626577,21623225,0.17500,1307.50572330,0
1505626576,21623224,0.17500,936.97755857,0
1505626576,21623222,0.17500,13676.07721000,0
1505626576,21623220,0.17500,6287.40898000,0
1505626575,21623218,0.17500,12899.00252000,0
1505626575,21623216,0.17500,3262.33420000,0
1505626575,21623214,0.17500,11556.30865300,0
1505626575,21623213,0.17500,784.16456000,0
1505626575,21623212,0.17500,1924.06603000,0
1505626574,21623209,0.17500,1297.40000000,0
1505626572,21623207,0.17500,3924.58920000,0
1505626572,21623205,0.17500,606.88278492,0
1505626572,21623204,0.17500,22668.71752761,1
1505626572,21623203,0.17535,4218.46610000,1
1505626572,21623202,0.17536,1140.80611313,1
1505626378,21623152,0.17500,34288.58944239,1
1505626378,21623151,0.17500,2300.00000000,1
1505626378,21623150,0.17500,300.00000000,1
1505626378,21623149,0.17500,1000.00000000,1
1505626378,21623148,0.17500,3847.04400000,1
1505626378,21623147,0.17500,28799.36400000,1
1505626378,21623146,0.17501,48356.57351008,1
1505626378,21623145,0.17534,1108.42904753,1
1505626362,21623143,0.17533,116090.29840000,1
1505626362,21623142,0.17534,3909.70160000,1
1505626349,21623134,0.17531,85421.43300000,1
1505626349,21623133,0.17532,34578.56700000,1
1505626307,21623117,0.17525,76599.33946655,1
1505626307,21623116,0.17526,8541.02600000,1
1505626307,21623115,0.17526,2999.99993345,1
1505626306,21623114,0.17527,4195.03160000,1
1505626306,21623113,0.17528,31430.01100000,1
1505626306,21623112,0.17528,6234.59200000,1
1505626286,21623077,0.17522,7261.16069000,1
1505626286,21623076,0.17523,1509.26781000,1
1505626286,21623075,0.17523,4229.57150000,1
1505626264,21623069,0.17510,13000.00000000,1
1505626251,21623060,0.17502,508.91302882,1
1505626251,21623059,0.17510,40.00000000,1
1505626250,21623058,0.17520,35.00000000,1
1505626250,21623057,0.17533,202.00000000,1
1505626250,21623056,0.17550,1399.65265000,1
1505626250,21623054,0.17557,5600.30000000,1
1505626250,21623053,0.17571,104.73252000,1
1505626250,21623051,0.17600,2451.28000118,1
1505626250,21623050,0.17604,2658.12180000,1
1505626244,21623042,0.17603,13000.00000000,1
1505626235,21623011,0.17600,7530.25986882,0
1505626235,21623010,0.17600,2451.28000000,0
1505626218,21622993,0.17600,1710.58595500,0
1505626218,21622992,0.17600,1130.36321300,0
1505626218,21622991,0.17600,1927.71883200,0
1505626216,21622985,0.17598,3396.38626000,0
1505626214,21622983,0.17600,1411.44593176,0
1505626211,21622975,0.17600,1467.89331900,0
1505626210,21622974,0.17600,1580.77205300,0
1505626210,21622973,0.17600,1589.12600000,0
1505626209,21622971,0.17600,1401.05915450,0
1505626207,21622970,0.17598,937.95025600,0
1505626207,21622969,0.17598,7629.16029900,0
1505626206,21622968,0.17598,2541.15200000,0
1505626205,21622964,0.17600,1375.46900000,0
1505626204,21622963,0.17600,50802.82477558,1
1505626204,21622962,0.17600,1590.78579545,1
1505626204,21622961,0.17600,29.00000000,1
1505626204,21622960,0.17600,10100.00000000,1
1505626204,21622959,0.17600,1233.70656889,1
1505626203,21622958,0.17650,21073.00000000,1
1505626203,21622957,0.17684,5600.30000000,1
1505626203,21622956,0.17684,1376.35710000,1
1505626203,21622955,0.17685,14086.49808000,1
1505626203,21622954,0.17690,500.00000000,1
1505626203,21622953,0.17707,31.55435300,1
1505625761,21622802,0.17741,297.00000000,0
1505625741,21622795,0.17707,55.78651700,1
1505625127,21622572,0.17774,4547.94728000,1
1505625056,21622556,0.17781,660.00000000,1
1505625025,21622553,0.17779,498.00000000,1
1505625003,21622533,0.17827,67.14534100,0
1505624994,21622532,0.17772,4000.00000000,1
1505624961,21622527,0.17937,55.48301605,0
1505624961,21622526,0.17830,500.00000000,0
1505624959,21622525,0.17827,0.00000315,0
1505624937,21622523,0.17765,496.00000000,1
1505624907,21622505,0.17759,644.00000000,1
1505624658,21622482,0.17722,56.10169500,1
1505624561,21622425,0.17814,3790.44552000,0
1505624530,21622407,0.17812,630.25415000,0
1505624503,21622381,0.17819,2728.20984000,0
1505624453,21622353,0.17804,869.26874000,0
1505624429,21622340,0.17815,203.04569000,0
1505624415,21622321,0.17776,297.00000000,0
1505624400,21622306,0.17726,226.81320000,1
1505624330,21622282,0.17826,1508.00000000,1
1505624323,21622275,0.17827,597.27642000,0
1505624316,21622262,0.17826,3942.32150000,1
1505624314,21622259,0.17826,3507.67850000,0
1505623978,21622113,0.17768,1404.00000000,0
1505623739,21621978,0.17959,7046.32853734,0
1505623738,21621975,0.17601,3783.86300347,1
1505623737,21621974,0.17610,19.05633800,1
1505623737,21621973,0.17626,1835.52580000,1
1505623736,21621970,0.18009,6266.95273413,1
1505623735,21621969,0.18000,197.37532918,0
1505623735,21621968,0.17959,1374.42000000,0
1505623735,21621967,0.17959,86.68708000,0
1505623735,21621966,0.17830,1443.00000000,0
1505623734,21621965,0.17829,905.30323000,0
1505623734,21621964,0.17769,4526.51614000,0
1505623734,21621963,0.17767,16040.56672000,0
1505623732,21621962,0.17765,1598.55410000,0
1505623633,21621903,0.17636,5863.06970000,1
1505623633,21621902,0.17636,1711.93030000,1
1505623515,21621845,0.17737,1879.00000000,0
1505623270,21621696,0.17644,175.00000000,1
1505623247,21621680,0.17644,4027.53920000,1
1505623246,21621679,0.17644,13476.06800000,1
1505623246,21621678,0.17644,2496.39280000,1
1505623204,21621668,0.17715,67.18679800,0
1505623156,21621635,0.17775,1988.79462627,0
1505623156,21621634,0.17775,1378.90030000,0
1505622518,21621321,0.17679,119.00000000,0
1505622510,21621318,0.17679,175.00000000,0
1505622336,21621224,0.17612,9152.36838500,1
1505622335,21621220,0.17612,19440.12348300,1
1505622288,21621213,0.17612,1979.56533200,1
1505622269,21621202,0.17612,2219.12761000,1
1505622268,21621201,0.17612,17208.81519000,1
1505622137,21621135,0.17610,20.94366200,1
1505622137,21621134,0.17620,35.00000000,1
1505621959,21621095,0.17650,2370.78368271,1
1505621959,21621093,0.17650,8342.07776100,1
1505621890,21621079,0.17650,1325.60310700,1
1505621889,21621078,0.17652,810.83666200,1
1505621888,21621077,0.17650,12097.31913200,1
1505621887,21621076,0.17651,5368.21230700,1
1505621403,21620943,0.17906,66.84163500,0
1505621239,21620859,0.17787,5600.30000000,0
1505621239,21620858,0.17787,5351.50863000,0
1505621238,21620857,0.17721,248.79137000,0
1505621057,21620764,0.17652,55.94366200,1
1505620813,21620664,0.17719,45.20863000,0
1505620732,21620640,0.17792,204.87605000,0
1505620720,21620635,0.17803,536.79822000,0
1505620641,21620603,0.17655,649.99999908,1
1505620639,21620602,0.17762,0.00000092,1
1505620588,21620576,0.17767,1396.05929000,0
1505620553,21620569,0.17865,558.41349006,0
1505620496,21620557,0.17762,313.20177908,0
1505620354,21620475,0.17759,836.98876738,0
1505620307,21620460,0.17700,4951.51000000,0
1505620228,21620337,0.17676,441.31292000,0
1505619990,21620198,0.17707,86.68708000,1
1505619989,21620197,0.17710,40.00000000,1
1505619971,21620153,0.17760,745.83566039,1
1505619967,21620135,0.17762,686.79822092,1
1505619967,21620133,0.17762,313.20177908,1
1505619603,21619960,0.17858,67.02878300,0
1505619601,21619959,0.17769,422.71782000,1
1505619600,21619958,0.17810,35.00000000,1
1505619451,21619859,0.17812,1368.55430000,1
1505619409,21619833,0.17850,280.33640177,1
1505619409,21619832,0.17851,1191.43919000,1
1505619409,21619831,0.17852,1370.73320000,1
1505619409,21619830,0.17857,61.88117523,1
1505619390,21619784,0.17857,306.90098164,1
1505619390,21619782,0.17866,884.07119836,1
1505619388,21619781,0.17866,3762.16459700,1
1505619386,21619780,0.17866,1718.55052800,1
1505619384,21619779,0.17866,8318.79673200,1
1505619382,21619778,0.17866,19407.14074900,1
1505619347,21619745,0.17866,199.84224000,1
1505619347,21619744,0.17867,2998.82663700,1
1505619339,21619728,0.17868,2909.33100600,1
1505619337,21619725,0.17869,11712.34196400,1
1505619337,21619722,0.17870,1388.45960000,1
1505619269,21619699,0.17869,28.50000000,1
1505619045,21619587,0.17866,50.00000000,1
1505618990,21619554,0.17925,110.28217300,0
1505618537,21619327,0.17858,55.94366200,1
1505618304,21619139,0.18000,60.57600000,0
1505618295,21619118,0.17999,420.39591089,0
1505618290,21619110,0.17999,420.21440000,0
1505618277,21619095,0.18000,457.46481410,0
1505618277,21619094,0.17999,681.73089590,0
1505618264,21619089,0.18000,681.73090000,0
1505618251,21619077,0.17998,1273.37422000,0
1505618241,21619074,0.17915,680.90946037,1
1505618241,21619073,0.17996,0.00000098,1
1505618237,21619068,0.17996,1362.64056902,0
1505618224,21619067,0.17995,1362.64057000,0
1505618213,21619061,0.17996,0.00000215,1
1505618211,21619059,0.17996,1376.60913537,0
1505618211,21619058,0.17996,0.00000248,0
1505618119,21619027,0.17996,476.01049000,0
1505618106,21619021,0.17998,490.38913000,0
1505618097,21619005,0.17892,490.11779086,1
1505618097,21619000,0.17986,14.10726266,1
1505618093,21618988,0.17986,1370.70953734,1
1505617932,21618863,0.18000,676.98518640,1
1505617932,21618862,0.18000,998.92727300,1
1505617932,21618861,0.18000,6462.59442300,1
1505617932,21618860,0.18000,1357.26749800,1
1505617932,21618859,0.18000,9.26790200,1
1505617888,21618843,0.18000,199.30268000,1
1505617858,21618836,0.18000,10816.12746795,1
1505617858,21618835,0.18001,0.00000005,1
1505617856,21618833,0.18001,1329.13729995,0
1505617845,21618820,0.18000,1374.81428809,1
1505617844,21618817,0.18001,1386.94780000,0
1505617839,21618811,0.18000,2448.72812621,1
1505617839,21618810,0.18000,2050.00000000,1
1505617836,21618807,0.18000,2448.72812621,1
1505617823,21618801,0.18000,2705.48019554,1
1505617805,21618796,0.18000,4720.91756013,1
1505617803,21618794,0.18001,66.39303300,0
1505617800,21618785,0.18001,2103.16599595,1
1505617798,21618781,0.18001,2782.47817405,1
1505617511,21618701,0.18001,1511.87525286,0
1505617500,21618694,0.18000,4147.26998500,1
1505617497,21618686,0.18001,1382.38790000,0
1505617496,21618684,0.18001,2034.24713611,1
1505617493,21618678,0.18001,2894.26318708,1
1505617485,21618675,0.18001,609.01328681,0
1505617483,21618671,0.18001,0.00004579,1
1505617483,21618669,0.18001,4764.58261689,1
1505617480,21618667,0.18001,594.06650732,1
1505617479,21618661,0.18001,1307.56708300,1
1505617472,21618653,0.18029,232.11297426,0
1505617472,21618651,0.18029,420.23890574,0
1505617463,21618642,0.18029,207.52210368,1
1505617462,21618640,0.18029,628.79427589,1
1505617461,21618639,0.18029,628.79422043,1
1505617458,21618634,0.18001,55.78651700,1
1505617456,21618632,0.18029,1373.91370000,0
1505617444,21618600,0.18029,1271.60646000,0
1505617430,21618597,0.18030,80.45464000,0
1505617351,21618586,0.18030,1219.88054000,0
1505617335,21618570,0.18030,1379.01300000,0
1505617320,21618558,0.18029,1371.45217000,1
1505617317,21618557,0.18029,1372.82500000,1
1505617313,21618554,0.18030,1372.82500000,0
1505617285,21618531,0.18029,548.96311498,0
1505617236,21618493,0.18001,426.99988000,0
1505617235,21618490,0.18000,2277.04127548,1
1505617235,21618489,0.18000,2817.93983334,1
1505617233,21618484,0.18000,2497.07488472,1
1505617228,21618475,0.18001,846.69810285,1
1505617227,21618474,0.18001,202.99988890,1
1505617226,21618472,0.18001,224.00000000,1
1505617225,21618467,0.18001,4154.57598447,1
1505617223,21618461,0.18001,223.45019378,1
1505617222,21618459,0.18001,1350.38020000,1
1505617221,21618456,0.18030,1382.34870000,0
1505617213,21618450,0.18001,122.99988890,1
1505617211,21618443,0.18001,2289.97524285,1
1505617210,21618440,0.18001,271.26721444,1
1505617209,21618433,0.18001,122.87700000,1
1505617208,21618430,0.18015,568.00000000,0
1505617200,21618426,0.18001,1131.33573081,1
1505617200,21618425,0.18002,1358.70160000,1
1505617195,21618420,0.18028,0.00000035,1
1505617195,21618419,0.18029,158.13301000,0
1505617182,21618411,0.18028,159.74522965,0
1505617180,21618406,0.18000,4141.73354040,1
1505617176,21618400,0.18000,3288.04942037,1
1505617172,21618397,0.18000,853.95485267,1
1505617172,21618396,0.18028,0.00000035,1
1505617169,21618393,0.18028,159.74522965,0
1505617156,21618385,0.18029,1494.26693317,0
1505617156,21618384,0.18029,159.67580683,0
1505617152,21618380,0.18029,0.00010421,1
1505617150,21618375,0.18029,1652.39985579,1
1505617134,21618361,0.18029,1810.47712020,0
1505617034,21618344,0.18030,361.49472000,0
1505617015,21618334,0.18025,2402.02765658,1
1505616858,21618301,0.18000,607.04168000,1
1505616849,21618298,0.18000,3009.06933658,1
1505616653,21618220,0.18010,2247.48570000,0
1505616641,21618192,0.18010,1749.51429907,0
1505616641,21618191,0.18010,2732.92634000,0
1505616641,21618190,0.18000,9495.77438040,0
1505616641,21618189,0.18000,13740.77598053,0
1505616625,21618158,0.18000,405.26849000,0
1505616614,21618152,0.18000,623.65353719,0
1505616583,21618125,0.18000,5230.30199228,0
1505616574,21618116,0.18001,1936.10991000,0
1505616564,21618110,0.18001,991.59564000,0
1505616563,21618105,0.18000,290.93736812,1
1505616558,21618098,0.18001,1797.62004564,1
1505616558,21618093,0.18001,2121.15780000,1
1505616555,21618088,0.18001,990.99633536,1
1505616551,21618083,0.18010,812.18274000,0
1505616522,21618019,0.18000,812.84292000,0
1505616520,21618013,0.18000,79.06063960,0
1505616519,21618012,0.18000,0.00000040,1
1505616508,21617991,0.18000,79.13977960,0
1505616495,21617983,0.18010,1253.44747000,0
1505616482,21617973,0.18000,812.84292000,0
1505616470,21617971,0.18010,352.07828000,0
1505616466,21617968,0.18000,5600.30000000,1
1505616457,21617966,0.18010,798.16663000,0
1505616444,21617960,0.18010,1611.00955000,0
1505616431,21617951,0.18010,812.84292000,0
1505616429,21617949,0.18001,902.99859000,1
1505616429,21617948,0.18009,812.84292000,1
1505616389,21617873,0.18010,812.84292000,0
1505616389,21617872,0.18000,814.50315000,1
1505616371,21617862,0.18000,5563.48311500,0
1505616363,21617859,0.18010,814.50315000,0
1505616350,21617849,0.18000,1401.94660540,1
1505616350,21617846,0.18000,428.98225460,0
1505616336,21617837,0.18000,813.00813000,0
1505616324,21617832,0.18000,1395.31076000,0
1505616318,21617814,0.18000,1016.26016000,0
1505616304,21617801,0.18000,101.09179400,0
1505616283,21617792,0.18000,1726.45119000,0
1505616282,21617791,0.18000,5366.86688300,0
1505616271,21617783,0.18000,4926.29473000,0
1505616262,21617782,0.18000,1339.95971800,0
1505616261,21617780,0.18000,9495.77438040,0
1505616245,21617768,0.18049,1722.62002800,0
1505616229,21617761,0.18098,183.04707500,0
1505616205,21617757,0.18022,0.00000165,0
1505616196,21617755,0.18016,56.42045500,1
1505616165,21617743,0.18022,759.85229000,0
1505616155,21617736,0.18097,759.85243000,0
1505616140,21617724,0.18097,92.41777000,0
1505616126,21617717,0.18097,1704.04163000,0
1505616114,21617712,0.18097,60.44363000,0
1505616099,21617700,0.18098,4150.07333000,0
1505616086,21617683,0.18098,3643.84903000,0
1505616073,21617647,0.18098,4319.81476000,0
1505616060,21617629,0.18084,536.23390000,0
1505616057,21617627,0.18001,2811.55713639,1
1505616051,21617610,0.18084,0.00000157,1
1505616046,21617602,0.18084,536.23390843,0
1505616044,21617596,0.18001,2742.55720000,1
1505616028,21617561,0.18000,1534.04528400,0
1505616028,21617560,0.18000,286.00000000,0
1505616013,21617551,0.18000,379.00000000,1
1505616005,21617548,0.18085,66.18744800,0
1505615994,21617524,0.18000,483.38121000,0
1505615988,21617503,0.18087,384.41824865,0
1505615988,21617502,0.18000,47.83475074,0
1505615986,21617496,0.18000,3970.37961112,1
1505615985,21617494,0.18000,1917.20944445,1
1505615969,21617472,0.18088,1352.75490000,1
